@ARTICLE{2017A&A...607A.127S,
       author = {{Sicilia-Aguilar}, A. and {Oprandi}, A. and {Froebrich}, D. and
         {Fang}, M. and {Prieto}, J.~L. and {Stanek}, K. and {Scholz}, A. and
         {Kochanek}, C.~S. and {Henning}, Th. and {Gredel}, R. and
         {Holoien}, T.~W. -S. and {Rabus}, M. and {Shappee}, B.~J. and
         {Billington}, S.~J. and {Campbell-White}, J. and {Zegmott}, T.~J.},
        title = "{The 2014-2017 outburst of the young star ASASSN-13db. A time-resolved picture of a very-low-mass star between EXors and FUors}",
      journal = {\aap},
     keywords = {stars: pre-main sequence, stars: variables: T Tauri, Herbig Ae/Be, stars: individual: ASASSN-13db, stars: low-mass, protoplanetary disks, techniques: spectroscopic, Astrophysics - Solar and Stellar Astrophysics},
         year = "2017",
        month = "Nov",
       volume = {607},
          eid = {A127},
        pages = {A127},
          doi = {10.1051/0004-6361/201731263},
archivePrefix = {arXiv},
       eprint = {1708.02010},
 primaryClass = {astro-ph.SR},
       adsurl = {https://ui.adsabs.harvard.edu/abs/2017A&A...607A.127S},
      adsnote = {Provided by the SAO/NASA Astrophysics Data System}
}

@ARTICLE{2010arXiv1011.1222K,
       author = {{Kashi}, Amit and {Soker}, Noam},
        title = "{Common Powering Mechanism of Intermediate Luminosity Optical Transients and Luminous Blue Variables}",
      journal = {arXiv e-prints},
     keywords = {Astrophysics - Solar and Stellar Astrophysics},
         year = 2010,
        month = Nov,
          eid = {arXiv:1011.1222},
        pages = {arXiv:1011.1222},
archivePrefix = {arXiv},
       eprint = {1011.1222},
 primaryClass = {astro-ph.SR},
       adsurl = {https://ui.adsabs.harvard.edu/\#abs/2010arXiv1011.1222K},
      adsnote = {Provided by the SAO/NASA Astrophysics Data System}
}

@ARTICLE{2018Galax...6...82K,
       author = {{Kashi}, Amit},
        title = "{Simulations and Modeling of Intermediate Luminosity Optical Transients and Supernova Impostors}",
      journal = {Galaxies},
     keywords = {Astrophysics - Solar and Stellar Astrophysics},
         year = "2018",
        month = "Aug",
       volume = {6},
       number = {3},
        pages = {82},
          doi = {10.3390/galaxies6030082},
archivePrefix = {arXiv},
       eprint = {1807.11755},
 primaryClass = {astro-ph.SR},
       adsurl = {https://ui.adsabs.harvard.edu/abs/2018Galax...6...82K},
      adsnote = {Provided by the SAO/NASA Astrophysics Data System}
}

@ARTICLE{2010ApJ...709L..11K,
       author = {{Kashi}, Amit and {Frankowski}, Adam and {Soker}, Noam},
        title = "{NGC 300 OT2008-1 as a Scaled-down Version of the Eta Carinae Great Eruption}",
      journal = {\apjl},
     keywords = {stars: individual: NGC 300 OT, stars: mass-loss, stars: variables: general, stars: winds, outflows, supernovae: general, Astrophysics - Solar and Stellar Astrophysics},
         year = "2010",
        month = "Jan",
       volume = {709},
       number = {1},
        pages = {L11-L15},
          doi = {10.1088/2041-8205/709/1/L11},
archivePrefix = {arXiv},
       eprint = {0909.1909},
 primaryClass = {astro-ph.SR},
       adsurl = {https://ui.adsabs.harvard.edu/abs/2010ApJ...709L..11K},
      adsnote = {Provided by the SAO/NASA Astrophysics Data System}
}

@ARTICLE{2016RAA....16...99K,
       author = {{Kashi}, Amit and {Soker}, Noam},
        title = "{Operation of the jet feedback mechanism (JFM) in intermediate luminosity optical transients (ILOTs)}",
      journal = {Research in Astronomy and Astrophysics},
     keywords = {Astrophysics - Solar and Stellar Astrophysics},
         year = "2016",
        month = "Jun",
       volume = {16},
       number = {6},
          eid = {99},
        pages = {99},
          doi = {10.1088/1674-4527/16/6/099},
archivePrefix = {arXiv},
       eprint = {1508.00004},
 primaryClass = {astro-ph.SR},
       adsurl = {https://ui.adsabs.harvard.edu/abs/2016RAA....16...99K},
      adsnote = {Provided by the SAO/NASA Astrophysics Data System}
}

@ARTICLE{2005A&A...441.1099T,
   author = {{Tylenda}, R. and {Soker}, N. and {Szczerba}, R.},
    title = "{On the progenitor of V838 Monocerotis}",
  journal = {\aap},
   eprint = {astro-ph/0412183},
 keywords = {stars: early-type, stars: binaries: close, stars: circumstellar matter, stars: individual: V838 Mon, ISM: reflection nebulae, ISM: structure},
     year = 2005,
    month = oct,
   volume = 441,
    pages = {1099-1109},
      doi = {10.1051/0004-6361:20042485},
   adsurl = {http://adsabs.harvard.edu/abs/2005A%26A...441.1099T},
  adsnote = {Provided by the SAO/NASA Astrophysics Data System}
}

@ARTICLE{2011A&A...528A.114T,
   author = {{Tylenda}, R. and {Hajduk}, M. and {Kami{\'n}ski}, T. and {Udalski}, A. and 
	{Soszy{\'n}ski}, I. and {Szyma{\'n}ski}, M.~K. and {Kubiak}, M. and 
	{Pietrzy{\'n}ski}, G. and {Poleski}, R. and {Wyrzykowski}, {\L}. and 
	{Ulaczyk}, K.},
    title = "{V1309 Scorpii: merger of a contact binary}",
  journal = {\aap},
archivePrefix = "arXiv",
   eprint = {1012.0163},
 primaryClass = "astro-ph.SR",
 keywords = {stars: individual: V1309 Sco, binaries: general, stars: peculiar},
     year = 2011,
    month = apr,
   volume = 528,
      eid = {A114},
    pages = {A114},
      doi = {10.1051/0004-6361/201016221},
   adsurl = {http://adsabs.harvard.edu/abs/2011A%26A...528A.114T},
  adsnote = {Provided by the SAO/NASA Astrophysics Data System}
}

@ARTICLE{2016MNRAS.458..950S,
   author = {{Smith}, N. and {Andrews}, J.~E. and {Van Dyk}, S.~D. and {Mauerhan}, J.~C. and 
	{Kasliwal}, M.~M. and {Bond}, H.~E. and {Filippenko}, A.~V. and 
	{Clubb}, K.~I. and {Graham}, M.~L. and {Perley}, D.~A. and {Jencson}, J. and 
	{Bally}, J. and {Ubeda}, L. and {Sabbi}, E.},
    title = "{Massive star mergers and the recent transient in NGC 4490: a more massive cousin of V838 Mon and V1309 Sco}",
  journal = {\mnras},
archivePrefix = "arXiv",
   eprint = {1602.05203},
 primaryClass = "astro-ph.SR",
 keywords = {binaries: general, circumstellar matter, stars: evolution, stars: massive, stars: winds, outflows},
     year = 2016,
    month = may,
   volume = 458,
    pages = {950-962},
      doi = {10.1093/mnras/stw219},
   adsurl = {http://adsabs.harvard.edu/abs/2016MNRAS.458..950S},
  adsnote = {Provided by the SAO/NASA Astrophysics Data System}
}

@ARTICLE{2017ApJ...834..107B,
       author = {{Blagorodnova}, N. and {Kotak}, R. and {Polshaw}, J. and {Kasliwal},
        M.~M. and {Cao}, Y. and {Cody}, A.~M. and {Doran}, G.~B. and
        {Elias-Rosa}, N. and {Fraser}, M. and {Fremling}, C. and
        {Gonzalez-Fernandez}, C. and {Harmanen}, J. and {Jencson}, J.
        and {Kankare}, E. and {Kudritzki}, R. -P. and {Kulkarni}, S.~R.
        and {Magnier}, E. and {Manulis}, I. and {Masci}, F.~J. and
        {Mattila}, S. and {Nugent}, P. and {Ochner}, P. and
        {Pastorello}, A. and {Reynolds}, T. and {Smith}, K. and
        {Sollerman}, J. and {Taddia}, F. and {Terreran}, G. and
        {Tomasella}, L. and {Turatto}, M. and {Vreeswijk}, P.~M. and
        {Wozniak}, P. and {Zaggia}, S.},
        title = "{Common Envelope Ejection for a Luminous Red Nova in M101}",
      journal = {\apj},
     keywords = {binaries: close, novae, cataclysmic variables, stars: individual: M101 OT2015-1, PSN J14021678+5426205, stars: massive, stars: winds, outflows, Astrophysics - Solar and Stellar Astrophysics},
         year = 2017,
        month = Jan,
       volume = {834},
          eid = {107},
        pages = {107},
          doi = {10.3847/1538-4357/834/2/107},
archivePrefix = {arXiv},
       eprint = {1607.08248},
 primaryClass = {astro-ph.SR},
       adsurl = {https://ui.adsabs.harvard.edu/\#abs/2017ApJ...834..107B},
      adsnote = {Provided by the SAO/NASA Astrophysics Data System}
}

@ARTICLE{2009ApJ...695L.154B,
       author = {{Bond}, Howard E. and {Bedin}, Luigi R. and {Bonanos}, Alceste Z. and
        {Humphreys}, Roberta M. and {Monard}, L.~A.~G. Berto and
        {Prieto}, Jos{\'e} L. and {Walter}, Frederick M.},
        title = "{The 2008 Luminous Optical Transient in the Nearby Galaxy NGC 300}",
      journal = {\apj},
     keywords = {galaxies: individual: NGC 300, galaxies: stellar content, stars: individual: NGC 300 OT, stars: variables: other, stars: winds, outflows, supernovae: general, Astrophysics - Solar and Stellar Astrophysics, Astrophysics - Cosmology and Extragalactic Astrophysics, Astrophysics - Galaxy Astrophysics},
         year = 2009,
        month = Apr,
       volume = {695},
        pages = {L154-L158},
          doi = {10.1088/0004-637X/695/2/L154},
archivePrefix = {arXiv},
       eprint = {0901.0198},
 primaryClass = {astro-ph.SR},
       adsurl = {https://ui.adsabs.harvard.edu/\#abs/2009ApJ...695L.154B},
      adsnote = {Provided by the SAO/NASA Astrophysics Data System}
}

@ARTICLE{2016MNRAS.460.1645A,
   author = {{Adams}, S.~M. and {Kochanek}, C.~S. and {Prieto}, J.~L. and 
	{Dai}, X. and {Shappee}, B.~J. and {Stanek}, K.~Z.},
    title = "{Almost gone: SN 2008S and NGC 300 2008OT-1 are fainter than their progenitors}",
  journal = {\mnras},
archivePrefix = "arXiv",
   eprint = {1511.07393},
 primaryClass = "astro-ph.HE",
 keywords = {stars: AGB and post-AGB, stars: evolution, stars: mass-loss, supernovae: general, supernovae: individual: NGC 300 2008OT-1, supernovae: individual: SN 2008S},
     year = 2016,
    month = aug,
   volume = 460,
    pages = {1645-1657},
      doi = {10.1093/mnras/stw1059},
   adsurl = {http://adsabs.harvard.edu/abs/2016MNRAS.460.1645A},
  adsnote = {Provided by the SAO/NASA Astrophysics Data System}
}

@ARTICLE{2008ATel.1550....1P,
       author = {{Prieto}, Jose L.},
        title = "{Bright Infrared Progenitor of Luminous Transient in NGC300 implies Explosion of a Massive Star}",
      journal = {The Astronomer's Telegram},
     keywords = {Infra-Red, Transients},
         year = 2008,
        month = May,
       volume = {1550},
        pages = {1},
       adsurl = {https://ui.adsabs.harvard.edu/\#abs/2008ATel.1550....1P},
      adsnote = {Provided by the SAO/NASA Astrophysics Data System}
}

@ARTICLE{2009ApJ...697L..49S,
       author = {{Smith}, Nathan and {Ganeshalingam}, Mohan and {Chornock}, Ryan and
        {Filippenko}, Alexei V. and {Li}, Weidong and {Silverman},
        Jeffrey M. and {Steele}, Thea N. and {Griffith}, Christopher V.
        and {Joubert}, Niels and {Lee}, Nicholas Y. and {Lowe}, Thomas
        B. and {Mobberley}, Martin P. and {Winslow}, Dustin M.},
        title = "{SN 2008S: A Cool Super-Eddington Wind in a Supernova Impostor}",
      journal = {\apj},
     keywords = {stars: mass loss, supernovae: individual: SN 2008S, Astrophysics},
         year = 2009,
        month = May,
       volume = {697},
        pages = {L49-L53},
          doi = {10.1088/0004-637X/697/1/L49},
archivePrefix = {arXiv},
       eprint = {0811.3929},
 primaryClass = {astro-ph},
       adsurl = {https://ui.adsabs.harvard.edu/\#abs/2009ApJ...697L..49S},
      adsnote = {Provided by the SAO/NASA Astrophysics Data System}
}

@ARTICLE{2009ApJ...705.1425P,
       author = {{Prieto}, Jos{\'e} L. and {Sellgren}, Kris and {Thompson}, Todd A. and
        {Kochanek}, Christopher S.},
        title = "{A Spitzer/IRS Spectrum of the 2008 Luminous Transient in NGC 300: Connection to Proto-Planetary Nebulae}",
      journal = {\apj},
     keywords = {circumstellar matter, stars: AGB and post-AGB, stars: evolution, stars: winds, outflows, supernovae: individual: SN 2008S, Astrophysics - High Energy Astrophysical Phenomena, Astrophysics - Solar and Stellar Astrophysics},
         year = 2009,
        month = Nov,
       volume = {705},
        pages = {1425-1432},
          doi = {10.1088/0004-637X/705/2/1425},
archivePrefix = {arXiv},
       eprint = {0907.0230},
 primaryClass = {astro-ph.HE},
       adsurl = {https://ui.adsabs.harvard.edu/\#abs/2009ApJ...705.1425P},
      adsnote = {Provided by the SAO/NASA Astrophysics Data System}
}

@ARTICLE{2010MNRAS.403..474W,
       author = {{Wesson}, R. and {Barlow}, M.~J. and {Ercolano}, B. and {Andrews}, J.~E.
        and {Clayton}, Geoffrey C. and {Fabbri}, J. and {Gallagher},
        Joseph S. and {Meixner}, M. and {Sugerman}, B.~E.~K. and
        {Welch}, D.~L. and {Stock}, D.~J.},
        title = "{The destruction and survival of dust in the shell around SN2008S}",
      journal = {\mnras},
     keywords = {circumstellar matter, Supernovae: individual: SN2008S, Astrophysics - Astrophysics of Galaxies, Astrophysics - Solar and Stellar Astrophysics},
         year = 2010,
        month = Mar,
       volume = {403},
        pages = {474-482},
          doi = {10.1111/j.1365-2966.2009.15871.x},
archivePrefix = {arXiv},
       eprint = {0907.0246},
 primaryClass = {astro-ph.GA},
       adsurl = {https://ui.adsabs.harvard.edu/\#abs/2010MNRAS.403..474W},
      adsnote = {Provided by the SAO/NASA Astrophysics Data System}
}

@ARTICLE{2016MNRAS.462..217S,
       author = {{Soker}, Noam and {Kashi}, Amit},
        title = "{Explaining two recent intermediate-luminosity optical transients (ILOTs) by a binary interaction and jets}",
      journal = {\mnras},
     keywords = {binaries: general, stars: jets, stars: variables: general, Astrophysics - Solar and Stellar Astrophysics, Astrophysics - High Energy Astrophysical Phenomena},
         year = 2016,
        month = Oct,
       volume = {462},
        pages = {217-222},
          doi = {10.1093/mnras/stw1686},
archivePrefix = {arXiv},
       eprint = {1605.07382},
 primaryClass = {astro-ph.SR},
       adsurl = {https://ui.adsabs.harvard.edu/\#abs/2016MNRAS.462..217S},
      adsnote = {Provided by the SAO/NASA Astrophysics Data System}
}

@ARTICLE{2016MNRAS.463.2904S,
   author = {{Smith}, N. and {Andrews}, J.~E. and {Mauerhan}, J.~C.},
    title = "{Massive stars dying alone: the extremely remote environment of SN 2009ip}",
  journal = {\mnras},
archivePrefix = "arXiv",
   eprint = {1607.01056},
 primaryClass = "astro-ph.SR",
 keywords = {circumstellar matter, stars: evolution, supernovae: general, supernovae: individual: 2009ip, stars: winds, outflows},
     year = 2016,
    month = dec,
   volume = 463,
    pages = {2904-2911},
      doi = {10.1093/mnras/stw2190},
   adsurl = {http://adsabs.harvard.edu/abs/2016MNRAS.463.2904S},
  adsnote = {Provided by the SAO/NASA Astrophysics Data System}
}

@ARTICLE{2012ApJ...746..100S,
   author = {{Soker}, N. and {Kashi}, A.},
    title = "{Formation of Bipolar Planetary Nebulae by Intermediate-luminosity Optical Transients}",
  journal = {\apj},
archivePrefix = "arXiv",
   eprint = {1108.2257},
 primaryClass = "astro-ph.SR",
 keywords = {planetary nebulae: general},
     year = 2012,
    month = feb,
   volume = 746,
      eid = {100},
    pages = {100},
      doi = {10.1088/0004-637X/746/1/100},
   adsurl = {http://adsabs.harvard.edu/abs/2012ApJ...746..100S},
  adsnote = {Provided by the SAO/NASA Astrophysics Data System}
}

@ARTICLE{2013MNRAS.436.1961A,
   author = {{Akashi}, M. and {Soker}, N.},
    title = "{Impulsive ejection of gas in bipolar planetary nebulae}",
  journal = {\mnras},
archivePrefix = "arXiv",
   eprint = {1305.6264},
 primaryClass = "astro-ph.SR",
 keywords = {stars: winds, outflows, planetary nebulae: general},
     year = 2013,
    month = dec,
   volume = 436,
    pages = {1961-1967},
      doi = {10.1093/mnras/stt1704},
   adsurl = {http://adsabs.harvard.edu/abs/2013MNRAS.436.1961A},
  adsnote = {Provided by the SAO/NASA Astrophysics Data System}
}

@ARTICLE{2010ApJ...723..602K,
       author = {{Kashi}, Amit and {Soker}, Noam},
        title = "{Periastron Passage Triggering of the 19th Century Eruptions of Eta Carinae}",
      journal = {\apj},
     keywords = {binaries: general, stars: individual: eta Car, stars: mass-loss, stars: winds, outflows-, Astrophysics - Solar and Stellar Astrophysics},
         year = "2010",
        month = "Nov",
       volume = {723},
        pages = {602-611},
          doi = {10.1088/0004-637X/723/1/602},
archivePrefix = {arXiv},
       eprint = {0912.1439},
 primaryClass = {astro-ph.SR},
       adsurl = {https://ui.adsabs.harvard.edu/\#abs/2010ApJ...723..602K},
      adsnote = {Provided by the SAO/NASA Astrophysics Data System}
}

@ARTICLE{2018NewA...65...29M,
   author = {{Michaelis}, A.~M. and {Kashi}, A. and {Kochiashvili}, N.},
    title = "{Periodicity in the light curve of P Cygni-Indication for a binary companion?}",
  journal = {\na},
archivePrefix = "arXiv",
   eprint = {1806.00769},
 primaryClass = "astro-ph.SR",
 keywords = {(Stars:) binaries, General-stars, Massive-stars, Individual (P Cyg)},
     year = 2018,
    month = nov,
   volume = 65,
    pages = {29-34},
      doi = {10.1016/j.newast.2018.06.001},
   adsurl = {http://adsabs.harvard.edu/abs/2018NewA...65...29M},
  adsnote = {Provided by the SAO/NASA Astrophysics Data System}
}

@ARTICLE{2011MNRAS.416.1965B,
   author = {{Bear}, E. and {Kashi}, A. and {Soker}, N.},
    title = "{Mergerburst transients of brown dwarfs with exoplanets}",
  journal = {\mnras},
archivePrefix = "arXiv",
   eprint = {1104.4106},
 primaryClass = "astro-ph.SR",
 keywords = {accretion, accretion discs, planet-star interactions, brown dwarfs, stars: flare},
     year = 2011,
    month = sep,
   volume = 416,
    pages = {1965-1970},
      doi = {10.1111/j.1365-2966.2011.19171.x},
   adsurl = {http://adsabs.harvard.edu/abs/2011MNRAS.416.1965B},
  adsnote = {Provided by the SAO/NASA Astrophysics Data System}
}

@ARTICLE{2016ApJ...831..133H,
   author = {{Herczeg}, G.~J. and {Dong}, S. and {Shappee}, B.~J. and {Chen}, P. and 
	{Hillenbrand}, L.~A. and {Jose}, J. and {Kochanek}, C.~S. and 
	{Prieto}, J.~L. and {Stanek}, K.~Z. and {Kaplan}, K. and {Holoien}, T.~W.-S. and 
	{Mairs}, S. and {Johnstone}, D. and {Gully-Santiago}, M. and 
	{Zhu}, Z. and {Smith}, M.~C. and {Bersier}, D. and {Mulders}, G.~D. and 
	{Filippenko}, A.~V. and {Ayani}, K. and {Brimacombe}, J. and 
	{Brown}, J.~S. and {Connelley}, M. and {Harmanen}, J. and {Itoh}, R. and 
	{Kawabata}, K.~S. and {Maehara}, H. and {Takata}, K. and {Yuk}, H. and 
	{Zheng}, W.},
    title = "{The Eruption of the Candidate Young Star ASASSN-15QI}",
  journal = {\apj},
archivePrefix = "arXiv",
   eprint = {1607.06368},
 primaryClass = "astro-ph.SR",
 keywords = {stars: formation, stars: pre-main sequence, stars: variables: general, stars: winds, outflows},
     year = 2016,
    month = nov,
   volume = 831,
      eid = {133},
    pages = {133},
      doi = {10.3847/0004-637X/831/2/133},
   adsurl = {http://adsabs.harvard.edu/abs/2016ApJ...831..133H},
  adsnote = {Provided by the SAO/NASA Astrophysics Data System}
}

@ARTICLE{2015ARA&A..53..365N,
       author = {{Netzer}, Hagai},
        title = "{Revisiting the Unified Model of Active Galactic Nuclei}",
      journal = {Annual Review of Astronomy and Astrophysics},
     keywords = {Astrophysics - Astrophysics of Galaxies},
         year = "2015",
        month = "Aug",
       volume = {53},
        pages = {365-408},
          doi = {10.1146/annurev-astro-082214-122302},
archivePrefix = {arXiv},
       eprint = {1505.00811},
 primaryClass = {astro-ph.GA},
       adsurl = {https://ui.adsabs.harvard.edu/\#abs/2015ARA&A..53..365N},
      adsnote = {Provided by the SAO/NASA Astrophysics Data System}
}

@ARTICLE{2017MNRAS.467.3299K,
   author = {{Kashi}, A. and {Soker}, N.},
    title = "{Type II intermediate-luminosity optical transients (ILOTs)}",
  journal = {\mnras},
archivePrefix = "arXiv",
   eprint = {1611.05855},
 primaryClass = "astro-ph.SR",
 keywords = {stars: activity, stars: massive, stars: winds, outflows},
     year = 2017,
    month = may,
   volume = 467,
    pages = {3299-3305},
      doi = {10.1093/mnras/stx240},
   adsurl = {http://adsabs.harvard.edu/abs/2017MNRAS.467.3299K},
  adsnote = {Provided by the SAO/NASA Astrophysics Data System}
}

@ARTICLE{1987AJ.....94..671B,
   author = {{Balick}, B.},
    title = "{The evolution of planetary nebulae. I - Structures, ionizations, and morphological sequences}",
  journal = {\aj},
 keywords = {Planetary Nebulae, Stellar Evolution, Astronomical Maps, Ionization, Morphology, Photographic Plates, Stellar Winds},
     year = 1987,
    month = sep,
   volume = 94,
    pages = {671-678},
      doi = {10.1086/114504},
   adsurl = {http://adsabs.harvard.edu/abs/1987AJ.....94..671B},
  adsnote = {Provided by the SAO/NASA Astrophysics Data System}
}

@ARTICLE{1995A&A...293..871C,
   author = {{Corradi}, R.~L.~M. and {Schwarz}, H.~E.},
    title = "{Morphological populations of planetary nebulae: which progenitors? I. Comparative properties of bipolar nebulae.}",
  journal = {\aap},
 keywords = {PLANETARY NEBULAE: GENERAL},
     year = 1995,
    month = jan,
   volume = 293,
    pages = {871-888},
   adsurl = {http://adsabs.harvard.edu/abs/1995A%26A...293..871C},
  adsnote = {Provided by the SAO/NASA Astrophysics Data System}
}

@BOOK{1996iacm.book.....M,
   author = {{Manchado}, A. and {Guerrero}, M.~A. and {Stanghellini}, L. and 
	{Serra-Ricart}, M.},
    title = "{The IAC morphological catalog of northern Galactic planetary nebulae}",
 keywords = {PLANETARY NEBULAE, MORPHOLOGY, CATALOGS},
booktitle = {The IAC morphological catalog of northern Galactic planetary nebulae, Publisher: La Laguna, Spain: Instituto de Astrofisica de Canarias (IAC), 1996, Foreword by Stuart R.~Pottasch, ISBN: 8492180609},
     year = 1996,
   adsurl = {http://adsabs.harvard.edu/abs/1996iacm.book.....M},
  adsnote = {Provided by the SAO/NASA Astrophysics Data System}
}

@INPROCEEDINGS{2011apn5.confP..21S,
   author = {{Sahai}, R. and {Villar}, III, G.~G. and {Morris}, M.},
    title = "{Young planetary nebulae: Hubble Space Telescope imaging and new morphological classifications system}",
 keywords = {planetary nebulae: general},
booktitle = {Asymmetric Planetary Nebulae 5 Conference},
     year = 2011,
   adsurl = {http://adsabs.harvard.edu/abs/2011apn5.confP..21S},
  adsnote = {Provided by the SAO/NASA Astrophysics Data System}
}

@INPROCEEDINGS{2016JPhCS.728c2008P,
   author = {{Parker}, Q.~A. and {Boji{\v c}i{\'c}}, I.~S. and {Frew}, D.~J.
	},
    title = "{HASH: the Hong Kong/AAO/Strasbourg H{$\alpha$} planetary nebula database}",
booktitle = {Journal of Physics Conference Series},
     year = 2016,
   series = {Journal of Physics Conference Series},
   volume = 728,
archivePrefix = "arXiv",
   eprint = {1603.07042},
 primaryClass = "astro-ph.SR",
    month = jul,
      eid = {032008},
    pages = {032008},
      doi = {10.1088/1742-6596/728/3/032008},
   adsurl = {http://adsabs.harvard.edu/abs/2016JPhCS.728c2008P},
  adsnote = {Provided by the SAO/NASA Astrophysics Data System}
}

@ARTICLE{2017MNRAS.468.4968A,
   author = {{Adams}, S.~M. and {Kochanek}, C.~S. and {Gerke}, J.~R. and 
	{Stanek}, K.~Z. and {Dai}, X.},
    title = "{The search for failed supernovae with the Large Binocular Telescope: confirmation of a disappearing star}",
  journal = {\mnras},
archivePrefix = "arXiv",
   eprint = {1609.01283},
 primaryClass = "astro-ph.SR",
 keywords = {black hole physics, stars: massive, supernovae: individual: N6946-BH1},
     year = 2017,
    month = jul,
   volume = 468,
    pages = {4968-4981},
      doi = {10.1093/mnras/stx816},
   adsurl = {http://adsabs.harvard.edu/abs/2017MNRAS.468.4968A},
  adsnote = {Provided by the SAO/NASA Astrophysics Data System}
}

@ARTICLE{2017MNRAS.468.4938K,
   author = {{Kashi}, A. and {Soker}, N.},
    title = "{An intermediate luminosity optical transient (ILOTs) model for the young stellar object ASASSN-15qi}",
  journal = {\mnras},
archivePrefix = "arXiv",
   eprint = {1609.00931},
 primaryClass = "astro-ph.SR",
 keywords = {accretion, accretion discs, planet-star interactions, stars: flare, stars: pre-main-sequence},
     year = 2017,
    month = jul,
   volume = 468,
    pages = {4938-4943},
      doi = {10.1093/mnras/stx767},
   adsurl = {http://adsabs.harvard.edu/abs/2017MNRAS.468.4938K},
  adsnote = {Provided by the SAO/NASA Astrophysics Data System}
}

@ARTICLE{1995ApJ...452..704D,
   author = {{della Valle}, M. and {Livio}, M.},
    title = "{The Calibration of Novae as Distance Indicators}",
  journal = {\apj},
 keywords = {STARS: NOVAE, CATACLYSMIC VARIABLES, STARS: DISTANCES},
     year = 1995,
    month = oct,
   volume = 452,
    pages = {704},
      doi = {10.1086/176342},
   adsurl = {http://adsabs.harvard.edu/abs/1995ApJ...452..704D},
  adsnote = {Provided by the SAO/NASA Astrophysics Data System}
}

@ARTICLE{2005ApJ...623..398Y,
   author = {{Yaron}, O. and {Prialnik}, D. and {Shara}, M.~M. and {Kovetz}, A.
	},
    title = "{An Extended Grid of Nova Models. II. The Parameter Space of Nova Outbursts}",
  journal = {\apj},
   eprint = {astro-ph/0503143},
 keywords = {Accretion, Accretion Disks, Stars: Binaries: Close, Stars: Novae, Cataclysmic Variables, Stars: White Dwarfs},
     year = 2005,
    month = apr,
   volume = 623,
    pages = {398-410},
      doi = {10.1086/428435},
   adsurl = {http://adsabs.harvard.edu/abs/2005ApJ...623..398Y},
  adsnote = {Provided by the SAO/NASA Astrophysics Data System}
}

@ARTICLE{2010ApJ...725..831S,
   author = {{Shara}, M.~M. and {Yaron}, O. and {Prialnik}, D. and {Kovetz}, A. and 
	{Zurek}, D.},
    title = "{An Extended Grid of Nova Models. III. Very Luminous, Red Novae}",
  journal = {\apj},
archivePrefix = "arXiv",
   eprint = {1009.3864},
 primaryClass = "astro-ph.SR",
 keywords = {accretion, accretion disks, binaries: close, novae, cataclysmic variables, white dwarfs},
     year = 2010,
    month = dec,
   volume = 725,
    pages = {831-841},
      doi = {10.1088/0004-637X/725/1/831},
   adsurl = {http://adsabs.harvard.edu/abs/2010ApJ...725..831S},
  adsnote = {Provided by the SAO/NASA Astrophysics Data System}
}

@ARTICLE{2016ApJ...826..191H,
       author = {{Humphreys}, Roberta M. and {Martin}, John C. and {Gordon}, Michael S. and
         {Jones}, Terry J.},
        title = "{Multiple Outflows in the Giant Eruption of a Massive Star}",
      journal = {\apj},
     keywords = {stars: massive, stars: winds, outflows, supernovae: individual: PSN J09132750+7627410, Astrophysics - Solar and Stellar Astrophysics},
         year = "2016",
        month = "Aug",
       volume = {826},
       number = {2},
          eid = {191},
        pages = {191},
          doi = {10.3847/0004-637X/826/2/191},
archivePrefix = {arXiv},
       eprint = {1606.04959},
 primaryClass = {astro-ph.SR},
       adsurl = {https://ui.adsabs.harvard.edu/abs/2016ApJ...826..191H},
      adsnote = {Provided by the SAO/NASA Astrophysics Data System}
}

@ARTICLE{2019A&A...625L...8P,
       author = {{Pastorello}, A. and {Chen}, T. -W. and {Cai}, Y. -Z. and
         {Morales-Garoffolo}, A. and {Cano}, Z. and {Mason}, E. and
         {Barsukova}, E.~A. and {Benetti}, S. and {Berton}, M. and {Bose}, S. and
         {Bufano}, F. and {Callis}, E. and {Cannizzaro}, G. and {Cartier}, R. and
         {Chen}, Ping and {Dong}, Subo and {Dyrbye}, S. and {Elias-Rosa}, N. and
         {Fl{\"o}rs}, A. and {Fraser}, M. and {Geier}, S. and
         {Goranskij}, V.~P. and {Kann}, D.~A. and {Kuncarayakti}, H. and
         {Onori}, F. and {Reguitti}, A. and {Reynolds}, T. and {Losada}, I.~R. and
         {Sagu{\'e}s Carracedo}, A. and {Schweyer}, T. and {Smartt}, S.~J. and
         {Tatarnikov}, A.~M. and {Valeev}, A.~F. and {Vogl}, C. and
         {Wevers}, T. and {de Ugarte Postigo}, A. and {Izzo}, L. and
         {Inserra}, C. and {Kankare}, E. and {Maguire}, K. and {Smith}, K.~W. and
         {Stalder}, B. and {Tartaglia}, L. and {Th{\"o}ne}, C.~C. and
         {Valerin}, G. and {Young}, D.~R.},
        title = "{The evolution of luminous red nova AT 2017jfs in NGC 4470}",
      journal = {\aap},
     keywords = {binaries: close, stars: massive, supernovae: individual: AT 2017jfs, supernovae: individual: NGC 440-2011OT1, stars: winds, outflows, Astrophysics - Solar and Stellar Astrophysics, Astrophysics - Astrophysics of Galaxies},
         year = "2019",
        month = "May",
       volume = {625},
          eid = {L8},
        pages = {L8},
          doi = {10.1051/0004-6361/201935511},
archivePrefix = {arXiv},
       eprint = {1906.00811},
 primaryClass = {astro-ph.SR},
       adsurl = {https://ui.adsabs.harvard.edu/abs/2019A&A...625L...8P},
      adsnote = {Provided by the SAO/NASA Astrophysics Data System}
}

@ARTICLE{2019ApJ...880L..20J,
       author = {{Jencson}, Jacob E. and {Adams}, Scott M. and {Bond}, Howard E. and
         {van Dyk}, Schuyler D. and {Kasliwal}, Mansi M. and {Bally}, John and
         {Blagorodnova}, Nadejda and {De}, Kishalay and {Fremling}, Christoffer and
         {Yao}, Yuhan and {Fruchter}, Andrew and {Rubin}, David and
         {Barbarino}, Cristina and {Sollerman}, Jesper and {Miller}, Adam A. and
         {Hicks}, Erin K.~S. and {Malkan}, Matthew A. and {Andreoni}, Igor and
         {Bellm}, Eric C. and {Buchheim}, Robert and {Dekany}, Richard and
         {Feeney}, Michael and {Frederick}, Sara and {Gal-Yam}, Avishay and
         {Gehrz}, Robert D. and {Giomi}, Matteo and {Graham}, Matthew J. and
         {Green}, Wayne and {Hale}, David and {Hankins}, Matthew J. and
         {Hanson}, Mark and {Helou}, George and {Ho}, Anna Y.~Q. and {Hung}, T. and
         {Juri{\'c}}, Mario and {Kendurkar}, Malhar R. and {Kulkarni}, S.~R. and
         {Lau}, Ryan M. and {Masci}, Frank J. and {Neill}, James D. and
         {Quin}, Kevin and {Riddle}, Reed L. and {Rusholme}, Ben and
         {Sims}, Forrest and {Smith}, Nathan and {Smith}, Roger M. and
         {Soumagnac}, Maayane T. and {Tachibana}, Yutaro and
         {Tinyanont}, Samaporn and {Walters}, Richard and {Watson}, Stanley and
         {Williams}, Robert E.},
        title = "{Discovery of an Intermediate-luminosity Red Transient in M51 and Its Likely Dust-obscured, Infrared-variable Progenitor}",
      journal = {\apjl},
     keywords = {circumstellar matter, galaxies: individual: M51, stars: evolution, stars: variables: general, stars: winds, outflows, supernovae: individual: M51 OT2019-1, Astrophysics - Solar and Stellar Astrophysics},
         year = "2019",
        month = "Aug",
       volume = {880},
       number = {2},
          eid = {L20},
        pages = {L20},
          doi = {10.3847/2041-8213/ab2c05},
archivePrefix = {arXiv},
       eprint = {1904.07857},
 primaryClass = {astro-ph.SR},
       adsurl = {https://ui.adsabs.harvard.edu/abs/2019ApJ...880L..20J},
      adsnote = {Provided by the SAO/NASA Astrophysics Data System}
}

@ARTICLE{2019ApJ...887..169H,
       author = {{Ho}, Anna Y.~Q. and {Goldstein}, Daniel A. and {Schulze}, Steve and
         {Khatami}, David K. and {Perley}, Daniel A. and {Ergon}, Mattias and
         {Gal-Yam}, Avishay and {Corsi}, Alessandra and {Andreoni}, Igor and
         {Barbarino}, Cristina and {Bellm}, Eric C. and {Blagorodnova}, Nadia and
         {Bright}, Joe S. and {Burns}, E. and {Cenko}, S. Bradley and
         {Cunningham}, Virginia and {De}, Kishalay and {Dekany}, Richard and
         {Dugas}, Alison and {Fender}, Rob P. and {Fransson}, Claes and
         {Fremling}, Christoffer and {Goldstein}, Adam and {Graham}, Matthew J. and
         {Hale}, David and {Horesh}, Assaf and {Hung}, Tiara and
         {Kasliwal}, Mansi M. and {Kuin}, N. Paul M. and {Kulkarni}, S.~R. and
         {Kupfer}, Thomas and {Lunnan}, Ragnhild and {Masci}, Frank J. and
         {Ngeow}, Chow-Choong and {Nugent}, Peter E. and {Ofek}, Eran O. and
         {Patterson}, Maria T. and {Petitpas}, Glen and {Rusholme}, Ben and
         {Sai}, Hanna and {Sfaradi}, Itai and {Shupe}, David L. and
         {Sollerman}, Jesper and {Soumagnac}, Maayane T. and
         {Tachibana}, Yutaro and {Taddia}, Francesco and {Walters}, Richard and
         {Wang}, Xiaofeng and {Yao}, Yuhan and {Zhang}, Xinhan},
        title = "{Evidence for Late-stage Eruptive Mass Loss in the Progenitor to SN2018gep, a Broad-lined Ic Supernova: Pre-explosion Emission and a Rapidly Rising Luminous Transient}",
      journal = {\apj},
     keywords = {methods: observational, shock waves, stars: mass-loss, supernovae: individual, surveys, Astrophysics - High Energy Astrophysical Phenomena},
         year = "2019",
        month = "Dec",
       volume = {887},
       number = {2},
          eid = {169},
        pages = {169},
          doi = {10.3847/1538-4357/ab55ec},
archivePrefix = {arXiv},
       eprint = {1904.11009},
 primaryClass = {astro-ph.HE},
       adsurl = {https://ui.adsabs.harvard.edu/abs/2019ApJ...887..169H},
      adsnote = {Provided by the SAO/NASA Astrophysics Data System}
}

@ARTICLE{2019Galax...8....2K,
       author = {{Kashi}, Amit and {Michaelis}, Amir M. and {Feigin}, Leon},
        title = "{ASASSN-13db 2014─2017 Eruption as an Intermediate Luminosity Optical Transient}",
      journal = {Galaxies},
     keywords = {Astrophysics - Solar and Stellar Astrophysics, Astrophysics - High Energy Astrophysical Phenomena},
         year = "2019",
        month = "Dec",
       volume = {8},
       number = {1},
        pages = {2},
          doi = {10.3390/galaxies8010002},
archivePrefix = {arXiv},
       eprint = {1912.07305},
 primaryClass = {astro-ph.SR},
       adsurl = {https://ui.adsabs.harvard.edu/abs/2019Galax...8....2K},
      adsnote = {Provided by the SAO/NASA Astrophysics Data System}
}

@ARTICLE{2019A&A...621A..30S,
       author = {{Sollerman}, J. and {Taddia}, F. and {Arcavi}, I. and {Fremling}, C. and
         {Fransson}, C. and {Burke}, J. and {Cenko}, S.~B. and {Andersen}, O. and
         {Andreoni}, I. and {Barbarino}, C. and {Blagorodova}, N. and
         {Brink}, T.~G. and {Filippenko}, A.~V. and {Gal-Yam}, A. and
         {Hiramatsu}, D. and {Hosseinzadeh}, G. and {Howell}, D.~A. and
         {de Jaeger}, T. and {Lunnan}, R. and {McCully}, C. and {Perley}, D.~A. and
         {Tartaglia}, L. and {Terreran}, G. and {Valenti}, S. and {Wang}, X.},
        title = "{Late-time observations of the extraordinary Type II supernova iPTF14hls}",
      journal = {\aap},
     keywords = {supernovae: general, supernovae: individual: iPTF14hls, Astrophysics - High Energy Astrophysical Phenomena},
         year = "2019",
        month = "Jan",
       volume = {621},
          eid = {A30},
        pages = {A30},
          doi = {10.1051/0004-6361/201833689},
archivePrefix = {arXiv},
       eprint = {1806.10001},
 primaryClass = {astro-ph.HE},
       adsurl = {https://ui.adsabs.harvard.edu/abs/2019A&A...621A..30S},
      adsnote = {Provided by the SAO/NASA Astrophysics Data System}
}

@ARTICLE{2020arXiv200108782W,
       author = {{Williams}, S.~C. and {Jones}, D. and {Pessev}, P. and {Geier}, S. and
         {Corradi}, R.~L.~M. and {Hook}, I.~M. and {Darnley}, M.~J. and
         {Pejcha}, O. and {N{\'u}{\~n}ez}, A. and {Meingast}, S. and {Moran}, S.},
        title = "{AT 2019abn: multi-wavelength observations of the first 200 days}",
      journal = {arXiv e-prints},
     keywords = {Astrophysics - Solar and Stellar Astrophysics, Astrophysics - Astrophysics of Galaxies},
         year = "2020",
        month = "Jan",
          eid = {arXiv:2001.08782},
        pages = {arXiv:2001.08782},
archivePrefix = {arXiv},
       eprint = {2001.08782},
 primaryClass = {astro-ph.SR},
       adsurl = {https://ui.adsabs.harvard.edu/abs/2020arXiv200108782W},
      adsnote = {Provided by the SAO/NASA Astrophysics Data System}
}

@ARTICLE{2016ApJ...823L..23T,
       author = {{Tartaglia}, L. and {Elias-Rosa}, N. and {Pastorello}, A. and
         {Benetti}, S. and {Taubenberger}, S. and {Cappellaro}, E. and
         {Cortini}, G. and {Granata}, V. and {Ishida}, E.~E.~O. and
         {Morales-Garoffolo}, A. and {Noebauer}, U.~M. and {Ochner}, P. and
         {Tomasella}, L. and {Zaggia}, S.},
        title = "{The Supernova Impostor PSN J09132750+7627410 and Its Progenitor}",
      journal = {\apjl},
     keywords = {galaxies: individual: NGC 2748, supernovae: general, supernovae: individual: PSN J09132750+7627410, SN 2007sv, SN 1997bs, SNHunt248, Astrophysics - Solar and Stellar Astrophysics, Astrophysics - Astrophysics of Galaxies, Astrophysics - High Energy Astrophysical Phenomena},
         year = "2016",
        month = "Jun",
       volume = {823},
       number = {2},
          eid = {L23},
        pages = {L23},
          doi = {10.3847/2041-8205/823/2/L23},
archivePrefix = {arXiv},
       eprint = {1604.04628},
 primaryClass = {astro-ph.SR},
       adsurl = {https://ui.adsabs.harvard.edu/abs/2016ApJ...823L..23T},
      adsnote = {Provided by the SAO/NASA Astrophysics Data System}
}

@ARTICLE{2018MNRAS.480.3424C,
       author = {{Cai}, Y. -Z. and {Pastorello}, A. and {Fraser}, M. and
         {Botticella}, M.~T. and {Gall}, C. and {Arcavi}, I. and {Benetti}, S. and
         {Cappellaro}, E. and {Elias-Rosa}, N. and {Harmanen}, J. and
         {Hosseinzadeh}, G. and {Howell}, D.~A. and {Isern}, J. and
         {Kangas}, T. and {Kankare}, E. and {Kuncarayakti}, H. and
         {Lundqvist}, P. and {Mattila}, S. and {McCully}, C. and
         {Reynolds}, T.~M. and {Somero}, A. and {Stritzinger}, M.~D. and
         {Terreran}, G.},
        title = "{AT 2017be - a new member of the class of intermediate-luminosity red transients}",
      journal = {\mnras},
     keywords = {stars: AGB and post-AGB, stars: mass-loss, supernovae: general, galaxies: individual: NGC 2537, supernovae: individual: AT 2017be, Astrophysics - High Energy Astrophysical Phenomena},
         year = "2018",
        month = "Nov",
       volume = {480},
       number = {3},
        pages = {3424-3445},
          doi = {10.1093/mnras/sty2070},
archivePrefix = {arXiv},
       eprint = {1807.11676},
 primaryClass = {astro-ph.HE},
       adsurl = {https://ui.adsabs.harvard.edu/abs/2018MNRAS.480.3424C},
      adsnote = {Provided by the SAO/NASA Astrophysics Data System}
}

@ARTICLE{2019A&A...632L...6C,
       author = {{Cai}, Y. -Z. and {Pastorello}, A. and {Fraser}, M. and
         {Prentice}, S.~J. and {Reynolds}, T.~M. and {Cappellaro}, E. and
         {Benetti}, S. and {Morales-Garoffolo}, A. and {Reguitti}, A. and
         {Elias-Rosa}, N. and {Brennan}, S. and {Callis}, E. and
         {Cannizzaro}, G. and {Fiore}, A. and {Gromadzki}, M. and
         {Galindo-Guil}, F.~J. and {Gall}, C. and {Heikkil{\"a}}, T. and
         {Mason}, E. and {Moran}, S. and {Onori}, F. and
         {Sagu{\'e}s Carracedo}, A. and {Valerin}, G.},
        title = "{The transitional gap transient AT 2018hso: new insights into the luminous red nova phenomenon}",
      journal = {\aap},
     keywords = {binaries: close, stars: winds, outflows, stars: massive, supernovae: individual: AT 2018hso, supernovae: individual: AT 2017jfs, supernovae: individual: NGC4490-2011OT1, Astrophysics - High Energy Astrophysical Phenomena, Astrophysics - Astrophysics of Galaxies, Astrophysics - Solar and Stellar Astrophysics},
         year = "2019",
        month = "Dec",
       volume = {632},
          eid = {L6},
        pages = {L6},
          doi = {10.1051/0004-6361/201936749},
archivePrefix = {arXiv},
       eprint = {1909.13147},
 primaryClass = {astro-ph.HE},
       adsurl = {https://ui.adsabs.harvard.edu/abs/2019A&A...632L...6C},
      adsnote = {Provided by the SAO/NASA Astrophysics Data System}
}

@ARTICLE{2018MNRAS.473.4805K,
       author = {{Kilpatrick}, Charles D. and {Foley}, Ryan J. and {Drout}, Maria R. and
         {Pan}, Yen-Chen and {Panther}, Fiona H. and {Coulter}, David A. and
         {Filippenko}, Alexei V. and {Marion}, G. Howard and {Piro}, Anthony L. and
         {Rest}, Armin and {Seitenzahl}, Ivo R. and {Strampelli}, Giovanni and
         {Wang}, Xi E.},
        title = "{Connecting the progenitors, pre-explosion variability and giant outbursts of luminous blue variables with Gaia16cfr}",
      journal = {\mnras},
     keywords = {instabilities, stars: evolution, stars: mass loss, stars: winds, outflows, Astrophysics - Solar and Stellar Astrophysics, Astrophysics - Astrophysics of Galaxies},
         year = "2018",
        month = "Feb",
       volume = {473},
       number = {4},
        pages = {4805-4823},
          doi = {10.1093/mnras/stx2675},
archivePrefix = {arXiv},
       eprint = {1706.09962},
 primaryClass = {astro-ph.SR},
       adsurl = {https://ui.adsabs.harvard.edu/abs/2018MNRAS.473.4805K},
      adsnote = {Provided by the SAO/NASA Astrophysics Data System}
}

@ARTICLE{2016ApJ...830...11V,
       author = {{Villar}, V.~A. and {Berger}, E. and {Chornock}, R. and {Margutti}, R. and
         {Laskar}, T. and {Brown}, P.~J. and {Blanchard}, P.~K. and
         {Czekala}, I. and {Lunnan}, R. and {Reynolds}, M.~T.},
        title = "{The Intermediate Luminosity Optical Transient SN 2010da: The Progenitor, Eruption, and Aftermath of a Peculiar Supergiant High-mass X-Ray Binary}",
      journal = {\apj},
     keywords = {stars: mass-loss, supernovae: individual: SN 2010da, X-rays: binaries, Astrophysics - Solar and Stellar Astrophysics, Astrophysics - High Energy Astrophysical Phenomena},
         year = "2016",
        month = "Oct",
       volume = {830},
       number = {1},
          eid = {11},
        pages = {11},
          doi = {10.3847/0004-637X/830/1/11},
archivePrefix = {arXiv},
       eprint = {1605.07245},
 primaryClass = {astro-ph.SR},
       adsurl = {https://ui.adsabs.harvard.edu/abs/2016ApJ...830...11V},
      adsnote = {Provided by the SAO/NASA Astrophysics Data System}
}

@ARTICLE{2020MNRAS.492.3229H,
       author = {{Howitt}, George and {Stevenson}, Simon and {Vigna-G{\'o}mez}, Alejand
        ro and {Justham}, Stephen and {Ivanova}, Natasha and {Woods}, Tyrone E. and
         {Neijssel}, Coenraad J. and {Mandel}, Ilya},
        title = "{Luminous Red Novae: population models and future prospects}",
      journal = {\mnras},
     keywords = {black hole physics, gravitational waves, stars: evolution, Astrophysics - High Energy Astrophysical Phenomena, Astrophysics - Solar and Stellar Astrophysics},
         year = "2020",
        month = "Mar",
       volume = {492},
       number = {3},
        pages = {3229-3240},
          doi = {10.1093/mnras/stz3542},
archivePrefix = {arXiv},
       eprint = {1912.07771},
 primaryClass = {astro-ph.HE},
       adsurl = {https://ui.adsabs.harvard.edu/abs/2020MNRAS.492.3229H},
      adsnote = {Provided by the SAO/NASA Astrophysics Data System}
}

@ARTICLE{2017AJ....153...37S,
       author = {{Steer}, Ian and {Madore}, Barry F. and {Mazzarella}, Joseph M. and
         {Schmitz}, Marion and {Corwin}, Harold G. and {Chan}, Ben H.~P. and
         {Ebert}, Rick and {Helou}, George and {Baker}, Kay and {Chen}, Xi and
         {Frayer}, Cren and {Jacobson}, Jeff and {Lo}, Tak and {Ogle}, Patrick and
         {Pevunova}, Olga and {Terek}, Scott},
        title = "{Redshift-independent Distances in the NASA/IPAC Extragalactic Database: Methodology, Content, and Use of NED-D}",
      journal = {\aj},
     keywords = {astronomical databases: miscellaneous, catalogs, distance scale, galaxies: distances and redshifts, galaxies: fundamental parameters, Astrophysics - Cosmology and Nongalactic Astrophysics, Astrophysics - Astrophysics of Galaxies},
         year = "2017",
        month = "Jan",
       volume = {153},
       number = {1},
          eid = {37},
        pages = {37},
          doi = {10.3847/1538-3881/153/1/37},
archivePrefix = {arXiv},
       eprint = {1612.09263},
 primaryClass = {astro-ph.CO},
       adsurl = {https://ui.adsabs.harvard.edu/abs/2017AJ....153...37S},
      adsnote = {Provided by the SAO/NASA Astrophysics Data System}
}

@ARTICLE{2019ApJ...884...58S,
       author = {{Segev}, Ran and {Sabach}, Efrat and {Soker}, Noam},
        title = "{Intermediate Luminosity Optical Transients (ILOTs) from Merging Giants}",
      journal = {\apj},
     keywords = {Red supergiant stars, Transient sources, Stellar jets, Close binary stars, Variable stars, Astrophysics - High Energy Astrophysical Phenomena, Astrophysics - Solar and Stellar Astrophysics},
         year = "2019",
        month = "Oct",
       volume = {884},
       number = {1},
          eid = {58},
        pages = {58},
          doi = {10.3847/1538-4357/ab3f2a},
archivePrefix = {arXiv},
       eprint = {1904.11331},
 primaryClass = {astro-ph.HE},
       adsurl = {https://ui.adsabs.harvard.edu/abs/2019ApJ...884...58S},
      adsnote = {Provided by the SAO/NASA Astrophysics Data System}
}

@ARTICLE{2019A&A...630A..75P,
       author = {{Pastorello}, A. and {Mason}, E. and {Taubenberger}, S. and
         {Fraser}, M. and {Cortini}, G. and {Tomasella}, L. and
         {Botticella}, M.~T. and {Elias-Rosa}, N. and {Kotak}, R. and
         {Smartt}, S.~J. and {Benetti}, S. and {Cappellaro}, E. and
         {Turatto}, M. and {Tartaglia}, L. and {Djorgovski}, S.~G. and
         {Drake}, A.~J. and {Berton}, M. and {Briganti}, F. and
         {Brimacombe}, J. and {Bufano}, F. and {Cai}, Y. -Z. and {Chen}, S. and
         {Christensen}, E.~J. and {Ciabattari}, F. and {Congiu}, E. and
         {Dimai}, A. and {Inserra}, C. and {Kankare}, E. and {Magill}, L. and
         {Maguire}, K. and {Martinelli}, F. and {Morales-Garoffolo}, A. and
         {Ochner}, P. and {Pignata}, G. and {Reguitti}, A. and {Sollerman}, J. and
         {Spiro}, S. and {Terreran}, G. and {Wright}, D.~E.},
        title = "{Luminous red novae: Stellar mergers or giant eruptions?}",
      journal = {\aap},
     keywords = {binaries: close, stars: winds, outflows, stars: massive, supernovae: general, Astrophysics - Solar and Stellar Astrophysics, Astrophysics - Astrophysics of Galaxies, Astrophysics - High Energy Astrophysical Phenomena},
         year = "2019",
        month = "Oct",
       volume = {630},
          eid = {A75},
        pages = {A75},
          doi = {10.1051/0004-6361/201935999},
archivePrefix = {arXiv},
       eprint = {1906.00812},
 primaryClass = {astro-ph.SR},
       adsurl = {https://ui.adsabs.harvard.edu/abs/2019A&A...630A..75P},
      adsnote = {Provided by the SAO/NASA Astrophysics Data System}
}

@ARTICLE{2019ApJ...886...40J,
       author = {{Jencson}, Jacob E. and {Kasliwal}, Mansi M. and {Adams}, Scott M. and
         {Bond}, Howard E. and {De}, Kishalay and {Johansson}, Joel and
         {Karambelkar}, Viraj and {Lau}, Ryan M. and {Tinyanont}, Samaporn and
         {Ryder}, Stuart D. and {Cody}, Ann Marie and {Masci}, Frank J. and
         {Bally}, John and {Blagorodnova}, Nadejda and {Castell{\'o}n}, Sergio and
         {Fremling}, Christoffer and {Gehrz}, Robert D. and {Helou}, George and
         {Kilpatrick}, Charles D. and {Milne}, Peter A. and {Morrell}, Nidia and
         {Perley}, Daniel A. and {Phillips}, M.~M. and {Smith}, Nathan and
         {van Dyk}, Schuyler D. and {Williams}, Robert E.},
        title = "{The SPIRITS Sample of Luminous Infrared Transients: Uncovering Hidden Supernovae and Dusty Stellar Outbursts in Nearby Galaxies}",
      journal = {\apj},
     keywords = {dust, extinction, infrared: general, stars: massive, supernovae: general, supernovae: individual: SPIRITS 14buu, SPIRITS 15c, SPIRITS 15ud, SPIRITS 16ix, SPIRITS 16tn, SPIRITS 17lb, Astrophysics - High Energy Astrophysical Phenomena, Astrophysics - Astrophysics of Galaxies},
         year = "2019",
        month = "Nov",
       volume = {886},
       number = {1},
          eid = {40},
        pages = {40},
          doi = {10.3847/1538-4357/ab4a01},
archivePrefix = {arXiv},
       eprint = {1901.00871},
 primaryClass = {astro-ph.HE},
       adsurl = {https://ui.adsabs.harvard.edu/abs/2019ApJ...886...40J},
      adsnote = {Provided by the SAO/NASA Astrophysics Data System}
}

@ARTICLE{2015ATel.7051....1T,
       author = {{Tartaglia}, L. and {Pastorello}, A. and {Benetti}, S. and
         {Cappellaro}, E. and {Elias-Rosa}, N. and {Ochner}, P. and
         {Terreran}, G. and {Tomasella}, L. and {Turatto}, M.},
        title = "{Asiago spectroscopic observation of PSN J09132750+7627410}",
      journal = {The Astronomer's Telegram},
     keywords = {Supernovae},
         year = "2015",
        month = "Feb",
       volume = {7051},
        pages = {1},
       adsurl = {https://ui.adsabs.harvard.edu/abs/2015ATel.7051....1T},
      adsnote = {Provided by the SAO/NASA Astrophysics Data System}
}

@ARTICLE{2020MNRAS.492.5897S,
       author = {{Smith}, Nathan and {E Andrews}, Jennifer and {Moe}, Maxwell and
         {Milne}, Peter and {Bilinski}, Christopher and
         {Kilpatrick}, Charles D. and {Fong}, Wen-Fai and {Badenes}, Carles and
         {Filippenko}, Alexei V. and {Kasliwal}, Mansi and
         {Silverman}, Jeffrey M.},
        title = "{A new and unusual LBV-like outburst from a Wolf-Rayet star in the outskirts of M33}",
      journal = {\mnras},
     keywords = {circumstellar matter, stars: evolution, stars: massive, stars: winds, outflows, stars: Wolf-Rayet, Astrophysics - Solar and Stellar Astrophysics, Astrophysics - Astrophysics of Galaxies, Astrophysics - High Energy Astrophysical Phenomena},
         year = "2020",
        month = "Mar",
       volume = {492},
       number = {4},
        pages = {5897-5915},
          doi = {10.1093/mnras/staa061},
archivePrefix = {arXiv},
       eprint = {2001.02725},
 primaryClass = {astro-ph.SR},
       adsurl = {https://ui.adsabs.harvard.edu/abs/2020MNRAS.492.5897S},
      adsnote = {Provided by the SAO/NASA Astrophysics Data System}
}

@INPROCEEDINGS{2013IAUS..281....9K,
       author = {{Kasliwal}, Mansi M.},
        title = "{Systematically Bridging the Gap between Novae and Supernovae}",
     keywords = {surveys, stars: novae, cataclysmic variables, supernovae},
    booktitle = {Binary Paths to Type Ia Supernovae Explosions},
         year = "2013",
       editor = {{Di Stefano}, Rosanne and {Orio}, Marina and {Moe}, Maxwell},
       series = {IAU Symposium},
       volume = {281},
        month = "Jan",
        pages = {9-16},
          doi = {10.1017/S1743921312014585},
       adsurl = {https://ui.adsabs.harvard.edu/abs/2013IAUS..281....9K},
      adsnote = {Provided by the SAO/NASA Astrophysics Data System}
}

@ARTICLE{2019PASP..131a8002B,
       author = {{Bellm}, Eric C. and {Kulkarni}, Shrinivas R. and {Graham}, Matthew J. and
         {Dekany}, Richard and {Smith}, Roger M. and {Riddle}, Reed and
         {Masci}, Frank J. and {Helou}, George and {Prince}, Thomas A. and
         {Adams}, Scott M. and {Barbarino}, C. and {Barlow}, Tom and
         {Bauer}, James and {Beck}, Ron and {Belicki}, Justin and
         {Biswas}, Rahul and {Blagorodnova}, Nadejda and {Bodewits}, Dennis and
         {Bolin}, Bryce and {Brinnel}, Valery and {Brooke}, Tim and
         {Bue}, Brian and {Bulla}, Mattia and {Burruss}, Rick and
         {Cenko}, S. Bradley and {Chang}, Chan-Kao and {Connolly}, Andrew and
         {Coughlin}, Michael and {Cromer}, John and {Cunningham}, Virginia and
         {De}, Kishalay and {Delacroix}, Alex and {Desai}, Vandana and
         {Duev}, Dmitry A. and {Eadie}, Gwendolyn and {Farnham}, Tony L. and
         {Feeney}, Michael and {Feindt}, Ulrich and {Flynn}, David and
         {Franckowiak}, Anna and {Frederick}, S. and {Fremling}, C. and
         {Gal-Yam}, Avishay and {Gezari}, Suvi and {Giomi}, Matteo and
         {Goldstein}, Daniel A. and {Golkhou}, V. Zach and {Goobar}, Ariel and
         {Groom}, Steven and {Hacopians}, Eugean and {Hale}, David and
         {Henning}, John and {Ho}, Anna Y.~Q. and {Hover}, David and
         {Howell}, Justin and {Hung}, Tiara and {Huppenkothen}, Daniela and
         {Imel}, David and {Ip}, Wing-Huen and {Ivezi{\'c}}, {\v{Z}}eljko and
         {Jackson}, Edward and {Jones}, Lynne and {Juric}, Mario and
         {Kasliwal}, Mansi M. and {Kaspi}, S. and {Kaye}, Stephen and
         {Kelley}, Michael S.~P. and {Kowalski}, Marek and {Kramer}, Emily and
         {Kupfer}, Thomas and {Landry}, Walter and {Laher}, Russ R. and
         {Lee}, Chien-De and {Lin}, Hsing Wen and {Lin}, Zhong-Yi and
         {Lunnan}, Ragnhild and {Giomi}, Matteo and {Mahabal}, Ashish and
         {Mao}, Peter and {Miller}, Adam A. and {Monkewitz}, Serge and
         {Murphy}, Patrick and {Ngeow}, Chow-Choong and {Nordin}, Jakob and
         {Nugent}, Peter and {Ofek}, Eran and {Patterson}, Maria T. and
         {Penprase}, Bryan and {Porter}, Michael and {Rauch}, Ludwig and
         {Rebbapragada}, Umaa and {Reiley}, Dan and {Rigault}, Mickael and
         {Rodriguez}, Hector and {van Roestel}, Jan and {Rusholme}, Ben and
         {van Santen}, Jakob and {Schulze}, S. and {Shupe}, David L. and
         {Singer}, Leo P. and {Soumagnac}, Maayane T. and {Stein}, Robert and
         {Surace}, Jason and {Sollerman}, Jesper and {Szkody}, Paula and
         {Taddia}, F. and {Terek}, Scott and {Van Sistine}, Angela and
         {van Velzen}, Sjoert and {Vestrand}, W. Thomas and {Walters}, Richard and
         {Ward}, Charlotte and {Ye}, Quan-Zhi and {Yu}, Po-Chieh and {Yan}, Lin and
         {Zolkower}, Jeffry},
        title = "{The Zwicky Transient Facility: System Overview, Performance, and First Results}",
      journal = {\pasp},
     keywords = {Astrophysics - Instrumentation and Methods for Astrophysics},
         year = 2019,
        month = jan,
       volume = {131},
       number = {995},
        pages = {018002},
          doi = {10.1088/1538-3873/aaecbe},
archivePrefix = {arXiv},
       eprint = {1902.01932},
 primaryClass = {astro-ph.IM},
       adsurl = {https://ui.adsabs.harvard.edu/abs/2019PASP..131a8002B},
      adsnote = {Provided by the SAO/NASA Astrophysics Data System}
}

@INPROCEEDINGS{2014htu..conf...27B,
       author = {{Bellm}, E.},
        title = "{The Zwicky Transient Facility}",
     keywords = {Astrophysics - Instrumentation and Methods for Astrophysics},
    booktitle = {The Third Hot-wiring the Transient Universe Workshop},
         year = 2014,
       editor = {{Wozniak}, P.~R. and {Graham}, M.~J. and {Mahabal}, A.~A. and
         {Seaman}, R.},
        month = jan,
        pages = {27-33},
archivePrefix = {arXiv},
       eprint = {1410.8185},
 primaryClass = {astro-ph.IM},
       adsurl = {https://ui.adsabs.harvard.edu/abs/2014htu..conf...27B},
      adsnote = {Provided by the SAO/NASA Astrophysics Data System}
}

@ARTICLE{2016ApJ...826...21M,
       author = {{McQuinn}, Kristen. B.~W. and {Skillman}, Evan D. and
         {Dolphin}, Andrew E. and {Berg}, Danielle and {Kennicutt}, Robert},
        title = "{The Distance to M51}",
      journal = {\apj},
     keywords = {galaxies: spiral, galaxies: distances and redshifts, Hertzsprung─Russell and C─M diagrams, Astrophysics - Astrophysics of Galaxies},
         year = 2016,
        month = jul,
       volume = {826},
       number = {1},
          eid = {21},
        pages = {21},
          doi = {10.3847/0004-637X/826/1/21},
archivePrefix = {arXiv},
       eprint = {1606.04120},
 primaryClass = {astro-ph.GA},
       adsurl = {https://ui.adsabs.harvard.edu/abs/2016ApJ...826...21M},
      adsnote = {Provided by the SAO/NASA Astrophysics Data System}
}


