
@BOOK{2002apa..book.....F,
   author = {{Frank}, J. and {King}, A. and {Raine}, D.~J.},
    title = "{Accretion Power in Astrophysics: Third Edition}",
booktitle = {Accretion Power in Astrophysics, by Juhan Frank and Andrew King and Derek Raine, pp.~398.~ISBN 0521620538.~Cambridge, UK: Cambridge University Press, February 2002.},
     year = 2002,
    month = jan,
    pages = {398},
   adsurl = {http://adsabs.harvard.edu/abs/2002apa..book.....F},
  adsnote = {Provided by the SAO/NASA Astrophysics Data System}
}

@ARTICLE{2019ApJ...876..148C,
       author = {{Chatzopoulos}, E. and {Weide}, K.},
        title = "{Gray Radiation Hydrodynamics with the FLASH Code for Astrophysical Applications}",
      journal = {\apj},
     keywords = {methods: numerical, radiation: dynamics, radiative transfer, Astrophysics - Solar and Stellar Astrophysics, Astrophysics - High Energy Astrophysical Phenomena},
         year = 2019,
        month = may,
       volume = {876},
       number = {2},
          eid = {148},
        pages = {148},
          doi = {10.3847/1538-4357/ab18f9},
archivePrefix = {arXiv},
       eprint = {1712.10091},
 primaryClass = {astro-ph.SR},
       adsurl = {https://ui.adsabs.harvard.edu/abs/2019ApJ...876..148C},
      adsnote = {Provided by the SAO/NASA Astrophysics Data System}
}

@ARTICLE{2000ApJS..131..273F,
       author = {{Fryxell}, B. and {Olson}, K. and {Ricker}, P. and {Timmes}, F.~X. and
         {Zingale}, M. and {Lamb}, D.~Q. and {MacNeice}, P. and {Rosner}, R. and
         {Truran}, J.~W. and {Tufo}, H.},
        title = "{FLASH: An Adaptive Mesh Hydrodynamics Code for Modeling Astrophysical Thermonuclear Flashes}",
      journal = {\apjs},
     keywords = {Equation of State, Hydrodynamics, Methods: Numerical, Nuclear Reactions, Nucleosynthesis, Abundances, Stars: General},
         year = 2000,
        month = nov,
       volume = {131},
       number = {1},
        pages = {273-334},
          doi = {10.1086/317361},
       adsurl = {https://ui.adsabs.harvard.edu/abs/2000ApJS..131..273F},
      adsnote = {Provided by the SAO/NASA Astrophysics Data System}
}
