@comment{You may put a comment in a 'comment' command.}

@fake-entry{fake-database-key,
	Never-To-Be-Used-Field = {Even if this were a real entry,   I could still have a comment inside an entry   by making up a fake field}}

@ARTICLE{2006A&A...451..223T,
   author = {{Tylenda}, R. and {Soker}, N.},
    title = "{Eruptions of the V838 Mon type: stellar merger versus nuclear outburst models}",
  journal = {\aap},
   eprint = {astro-ph/0509379},
 keywords = {stars: supergiants, stars: binaries: general, stars: pre-main sequence, stars: mass loss, stars: variables: general, stars: general},
     year = 2006,
    month = may,
   volume = 451,
    pages = {223-236},
      doi = {10.1051/0004-6361:20054201},
   adsurl = {http://adsabs.harvard.edu/abs/2006A%26A...451..223T},
  adsnote = {Provided by the SAO/NASA Astrophysics Data System}
}

@ARTICLE{2010ApJ...709L..11K,
   author = {{Kashi}, A. and {Frankowski}, A. and {Soker}, N.},
    title = "{NGC 300 OT2008-1 as a Scaled-down Version of the Eta Carinae Great Eruption}",
  journal = {\apjl},
archivePrefix = "arXiv",
   eprint = {0909.1909},
 primaryClass = "astro-ph.SR",
 keywords = {stars: individual: NGC 300 OT, stars: mass-loss, stars: variables: general, stars: winds, outflows, supernovae: general},
     year = 2010,
    month = jan,
   volume = 709,
    pages = {L11-L15},
      doi = {10.1088/2041-8205/709/1/L11},
   adsurl = {http://adsabs.harvard.edu/abs/2010ApJ...709L..11K},
  adsnote = {Provided by the SAO/NASA Astrophysics Data System}
}

@ARTICLE{2016ApJ...817...66K,
   author = {{Kashi}, A. and {Davidson}, K. and {Humphreys}, R.~M.},
    title = "{Recovery from Giant Eruptions in Very Massive Stars}",
  journal = {\apj},
archivePrefix = "arXiv",
   eprint = {1510.06428},
 primaryClass = "astro-ph.SR",
 keywords = {hydrodynamics, methods: numerical, stars: evolution, stars: mass-loss, stars: variables: general, stars: winds, outflows},
     year = 2016,
    month = jan,
   volume = 817,
      eid = {66},
    pages = {66},
      doi = {10.3847/0004-637X/817/1/66},
   adsurl = {http://adsabs.harvard.edu/abs/2016ApJ...817...66K},
  adsnote = {Provided by the SAO/NASA Astrophysics Data System}
}

@ARTICLE{2016RAA....16...99K,
   author = {{Kashi}, A. and {Soker}, N.},
    title = "{Operation of the jet feedback mechanism (JFM) in intermediate luminosity optical transients (ILOTs)}",
  journal = {Research in Astronomy and Astrophysics},
archivePrefix = "arXiv",
   eprint = {1508.00004},
 primaryClass = "astro-ph.SR",
     year = 2016,
    month = jun,
   volume = 16,
      eid = {99},
    pages = {99},
      doi = {10.1088/1674-4527/16/6/099},
   adsurl = {http://adsabs.harvard.edu/abs/2016RAA....16...99K},
  adsnote = {Provided by the SAO/NASA Astrophysics Data System}
}

@ARTICLE{2002IAUC.7785....1B,
   author = {{Brown}, N.~J. and {Waagen}, E.~O. and {Scovil}, C. and {Nelson}, P. and 
	{Oksanen}, A. and {Solonen}, J. and {Price}, A.},
    title = "{Peculiar variable in Monoceros.}",
  journal = {\iaucirc},
     year = 2002,
    month = jan,
   volume = 7785,
   adsurl = {http://adsabs.harvard.edu/abs/2002IAUC.7785....1B},
  adsnote = {Provided by the SAO/NASA Astrophysics Data System}
}

@ARTICLE{1989ApJ...341L..51R,
   author = {{Rich}, R.~M. and {Mould}, J. and {Picard}, A. and {Frogel}, J.~A. and 
	{Davies}, R.},
    title = "{Luminous M giants in the bulge of M31}",
  journal = {\apjl},
 keywords = {Andromeda Galaxy, Galactic Bulge, M Stars, Red Giant Stars, Stellar Luminosity, Astronomical Spectroscopy, Milky Way Galaxy, Stellar Spectra, Supergiant Stars},
     year = 1989,
    month = jun,
   volume = 341,
    pages = {L51-L54},
      doi = {10.1086/185455},
   adsurl = {http://adsabs.harvard.edu/abs/1989ApJ...341L..51R},
  adsnote = {Provided by the SAO/NASA Astrophysics Data System}
}

@ARTICLE{1994IAUC.5942....1H,
   author = {{Hayashi}, S.~S. and {Yamamoto}, M. and {Hirosawa}, K.},
    title = "{Nova Sagittarii 1994}",
  journal = {\iaucirc},
     year = 1994,
    month = feb,
   volume = 5942,
   adsurl = {http://adsabs.harvard.edu/abs/1994IAUC.5942....1H},
  adsnote = {Provided by the SAO/NASA Astrophysics Data System}
}

@ARTICLE{2003ApJ...582L.105S,
   author = {{Soker}, N. and {Tylenda}, R.},
    title = "{Main-Sequence Stellar Eruption Model for V838 Monocerotis}",
  journal = {\apjl},
   eprint = {astro-ph/0210463},
 keywords = {Stars: Binaries: Close, Stars: Horizontal-Branch, Stars: Individual: Alphanumeric: M31 RV, Stars: Individual: Constellation Name: V838 Monocerotis, Stars: Individual: Constellation Name: V4332 Sagittarii, Stars: Mass Loss},
     year = 2003,
    month = jan,
   volume = 582,
    pages = {L105-L108},
      doi = {10.1086/367759},
   adsurl = {http://adsabs.harvard.edu/abs/2003ApJ...582L.105S},
  adsnote = {Provided by the SAO/NASA Astrophysics Data System}
}

@ARTICLE{1990ApJ...353L..35M,
   author = {{Mould}, J. and {Cohen}, J. and {Graham}, J.~R. and {Hamilton}, D. and 
	{Matthews}, K. and {Picard}, A. and {Reid}, N. and {Schmidt}, M. and 
	{Soifer}, T. and {Wilson}, C. and {Rich}, R.~M. and {Gunn}, J.
	},
    title = "{A nova-like red variable in M31}",
  journal = {\apjl},
 keywords = {Andromeda Galaxy, Late Stars, Novae, Red Giant Stars, Supergiant Stars, Variable Stars, Bolometers, M Stars, Stellar Magnitude, Stellar Spectra},
     year = 1990,
    month = apr,
   volume = 353,
    pages = {L35-L37},
      doi = {10.1086/185702},
   adsurl = {http://adsabs.harvard.edu/abs/1990ApJ...353L..35M},
  adsnote = {Provided by the SAO/NASA Astrophysics Data System}
}

@ARTICLE{2005A&A...436.1009T,
   author = {{Tylenda}, R.},
    title = "{Evolution of V838 Monocerotis during and after the 2002 eruption}",
  journal = {\aap},
   eprint = {astro-ph/0502060},
 keywords = {stars: variables: general, stars: fundamental parameters, stars: winds, outflows, stars: individual: V838 Mon},
     year = 2005,
    month = jun,
   volume = 436,
    pages = {1009-1020},
      doi = {10.1051/0004-6361:20052800},
   adsurl = {http://adsabs.harvard.edu/abs/2005A%26A...436.1009T},
  adsnote = {Provided by the SAO/NASA Astrophysics Data System}
}


@ARTICLE{2005A&A...439..651T,
   author = {{Tylenda}, R. and {Crause}, L.~A. and {G{\'o}rny}, S.~K. and 
	{Schmidt}, M.~R.},
    title = "{V4332 Sagittarii revisited}",
  journal = {\aap},
   eprint = {astro-ph/0412205},
 keywords = {stars: variables: general, stars: circumstellar matter, stars: fundamental parameters, stars: individual: V4332 Sgr, V838 Mon},
     year = 2005,
    month = aug,
   volume = 439,
    pages = {651-661},
      doi = {10.1051/0004-6361:20041581},
   adsurl = {http://adsabs.harvard.edu/abs/2005A%26A...439..651T},
  adsnote = {Provided by the SAO/NASA Astrophysics Data System}
}

@ARTICLE{2002A&A...389L..51M,
   author = {{Munari}, U. and {Henden}, A. and {Kiyota}, S. and {Laney}, D. and 
	{Marang}, F. and {Zwitter}, T. and {Corradi}, R.~L.~M. and {Desidera}, S. and 
	{Marrese}, P.~M. and {Giro}, E. and {Boschi}, F. and {Schwartz}, M.~B.
	},
    title = "{The mysterious eruption of V838 Mon}",
  journal = {\aap},
   eprint = {astro-ph/0205288},
 keywords = {stars: supergiants, stars: novae, stars: individual: V838 Mon, stars: mass-loss, ISM: jets and outflows},
     year = 2002,
    month = jul,
   volume = 389,
    pages = {L51-L56},
      doi = {10.1051/0004-6361:20020715},
   adsurl = {http://adsabs.harvard.edu/abs/2002A%26A...389L..51M},
  adsnote = {Provided by the SAO/NASA Astrophysics Data System}
}

@ARTICLE{2002astro.ph.11380K,
   author = {{Kolev}, D. and {Mikolajewski}, M. and {Tomov}, T. and {Iliev}, I. and 
	{Osiwala}, J. and {Nirski}, J. and {Galan}, C.},
    title = "{Peculiar outburst of the newly revealed variable star V838 Mon}",
  journal = {ArXiv Astrophysics e-prints},
   eprint = {astro-ph/0211380},
 keywords = {Astrophysics},
     year = 2002,
    month = nov,
   adsurl = {http://adsabs.harvard.edu/abs/2002astro.ph.11380K},
  adsnote = {Provided by the SAO/NASA Astrophysics Data System}
}

@ARTICLE{2003MNRAS.341..785C,
   author = {{Crause}, L.~A. and {Lawson}, W.~A. and {Kilkenny}, D. and {van Wyk}, F. and 
	{Marang}, F. and {Jones}, A.~F.},
    title = "{The post-outburst photometric behaviour of V838 Mon}",
  journal = {\mnras},
   eprint = {astro-ph/0301423},
 keywords = {stars: individual: V838 Mon, stars: variables: other, stars: winds, outflows},
     year = 2003,
    month = may,
   volume = 341,
    pages = {785-791},
      doi = {10.1046/j.1365-8711.2003.06441.x},
   adsurl = {http://adsabs.harvard.edu/abs/2003MNRAS.341..785C},
  adsnote = {Provided by the SAO/NASA Astrophysics Data System}
}

@ARTICLE{2004A&A...416.1107K,
   author = {{Kipper}, T. and {Klochkova}, V.~G. and {Annuk}, K. and {Hirv}, A. and 
	{Kolka}, I. and {Leedj{\"a}rv}, L. and {Puss}, A. and {Skoda}, P. and 
	{Slechta}, M.},
    title = "{The peculiar variable <ASTROBJ>V838 Monocerotis</ASTROBJ>}",
  journal = {\aap},
 keywords = {stars: variables: general, stars: novae, cataclysmic variables, stars: individual: V838 Mon},
     year = 2004,
    month = mar,
   volume = 416,
    pages = {1107-1115},
      doi = {10.1051/0004-6361:20031385},
   adsurl = {http://adsabs.harvard.edu/abs/2004A%26A...416.1107K},
  adsnote = {Provided by the SAO/NASA Astrophysics Data System}
}

@ARTICLE{1999AJ....118.1034M,
   author = {{Martini}, P. and {Wagner}, R.~M. and {Tomaney}, A. and {Rich}, R.~M. and 
	{della Valle}, M. and {Hauschildt}, P.~H.},
    title = "{Nova Sagittarii 1994 1 (V4332 Sagittarii): The Discovery and Evolution of an Unusual Luminous Red Variable Star}",
  journal = {\aj},
   eprint = {astro-ph/9905016},
 keywords = {STARS: EVOLUTION, STARS: PECULIAR, STARS: VARIABLES: OTHER},
     year = 1999,
    month = aug,
   volume = 118,
    pages = {1034-1042},
      doi = {10.1086/300951},
   adsurl = {http://adsabs.harvard.edu/abs/1999AJ....118.1034M},
  adsnote = {Provided by the SAO/NASA Astrophysics Data System}
}



@ARTICLE{1992ApJ...389..369I,
   author = {{Iben}, Jr., I. and {Tutukov}, A.~V.},
    title = "{Rare thermonuclear explosions in short-period cataclysmic variables, with possible application to the nova-like red variable in the Galaxy M31}",
  journal = {\apj},
 keywords = {Andromeda Galaxy, Binary Stars, Cataclysmic Variables, Novae, Stellar Mass Accretion, Thermonuclear Explosions, Milky Way Galaxy, Roche Limit, Stellar Luminosity, White Dwarf Stars},
     year = 1992,
    month = apr,
   volume = 389,
    pages = {369-374},
      doi = {10.1086/171211},
   adsurl = {http://adsabs.harvard.edu/abs/1992ApJ...389..369I},
  adsnote = {Provided by the SAO/NASA Astrophysics Data System}
}

@ARTICLE{2005MNRAS.359..624R,
   author = {{Rushton}, M.~T. and {Geballe}, T.~R. and {Evans}, A. and {Smalley}, B. and 
	{van Loon}, J.~T. and {Eyres}, S.~P.~S.},
    title = "{Infall and SiO emission in V838 Mon}",
  journal = {\mnras},
   eprint = {astro-ph/0502410},
 keywords = {stars: individual: V838 Mon},
     year = 2005,
    month = may,
   volume = 359,
    pages = {624-628},
      doi = {10.1111/j.1365-2966.2005.08936.x},
   adsurl = {http://adsabs.harvard.edu/abs/2005MNRAS.359..624R},
  adsnote = {Provided by the SAO/NASA Astrophysics Data System}
}

@ARTICLE{2005AN....326..657K,
   author = {{Kimeswenger}, S.},
    title = "{V4332 Sgr.}",
  journal = {Astronomische Nachrichten},
     year = 2005,
    month = aug,
   volume = 326,
    pages = {657-658},
   adsurl = {http://adsabs.harvard.edu/abs/2005AN....326..657K},
  adsnote = {Provided by the SAO/NASA Astrophysics Data System}
}

@ARTICLE{2002IAUC.8005....2M,
   author = {{Munari}, U. and {Desidera}, S. and {Henden}, A.},
    title = "{V838 Monocerotis}",
  journal = {\iaucirc},
     year = 2002,
    month = nov,
   volume = 8005,
   adsurl = {http://adsabs.harvard.edu/abs/2002IAUC.8005....2M},
  adsnote = {Provided by the SAO/NASA Astrophysics Data System}
}

@ARTICLE{2005A&A...441.1099T,
   author = {{Tylenda}, R. and {Soker}, N. and {Szczerba}, R.},
    title = "{On the progenitor of V838 Monocerotis}",
  journal = {\aap},
   eprint = {astro-ph/0412183},
 keywords = {stars: early-type, stars: binaries: close, stars: circumstellar matter, stars: individual: V838 Mon, ISM: reflection nebulae, ISM: structure},
     year = 2005,
    month = oct,
   volume = 441,
    pages = {1099-1109},
      doi = {10.1051/0004-6361:20042485},
   adsurl = {http://adsabs.harvard.edu/abs/2005A%26A...441.1099T},
  adsnote = {Provided by the SAO/NASA Astrophysics Data System}
}

@ARTICLE{2003Natur.422..405B,
   author = {{Bond}, H.~E. and {Henden}, A. and {Levay}, Z.~G. and {Panagia}, N. and 
	{Sparks}, W.~B. and {Starrfield}, S. and {Wagner}, R.~M. and 
	{Corradi}, R.~L.~M. and {Munari}, U.},
    title = "{An energetic stellar outburst accompanied by circumstellar light echoes}",
  journal = {\nat},
   eprint = {astro-ph/0303513},
     year = 2003,
    month = mar,
   volume = 422,
    pages = {405-408},
      doi = {10.1038/nature01508},
   adsurl = {http://adsabs.harvard.edu/abs/2003Natur.422..405B},
  adsnote = {Provided by the SAO/NASA Astrophysics Data System}
}

@ARTICLE{2003ApJ...598L..31B,
   author = {{Banerjee}, D.~P.~K. and {Varricatt}, W.~P. and {Ashok}, N.~M. and 
	{Launila}, O.},
    title = "{Remarkable Changes in the Near-Infrared Spectrum of the Nova-like Variable V4332 Sagittarii}",
  journal = {\apjl},
   eprint = {astro-ph/0310088},
 keywords = {Infrared: Stars, Stars: Novae, Cataclysmic Variables, Stars: Individual: Constellation Name: V4332 Sagittarii, Techniques: Spectroscopic},
     year = 2003,
    month = nov,
   volume = 598,
    pages = {L31-L34},
      doi = {10.1086/380389},
   adsurl = {http://adsabs.harvard.edu/abs/2003ApJ...598L..31B},
  adsnote = {Provided by the SAO/NASA Astrophysics Data System}
}

@ARTICLE{2004ApJ...615L..53B,
   author = {{Banerjee}, D.~P.~K. and {Varricatt}, W.~P. and {Ashok}, N.~M.
	},
    title = "{L and M Band Infrared Studies of V4332 Sagittarii: Detection of the Water Ice Absorption Band at 3.05 {$\mu$}m and the CO Fundamental Band in Emission}",
  journal = {\apjl},
   eprint = {astro-ph/0409393},
 keywords = {Infrared: Stars, Stars: Novae, Cataclysmic Variables, Stars: Individual: Constellation Name: V4332 Sagittarii, Techniques: Spectroscopic},
     year = 2004,
    month = nov,
   volume = 615,
    pages = {L53-L56},
      doi = {10.1086/425963},
   adsurl = {http://adsabs.harvard.edu/abs/2004ApJ...615L..53B},
  adsnote = {Provided by the SAO/NASA Astrophysics Data System}
}

@ARTICLE{1977A&AS...30..323D,
   author = {{Drechsel}, H. and {Rahe}, J. and {Duerbeck}, H.~W. and {Kohoutek}, L. and 
	{Seitter}, W.~C.},
    title = "{Spectrophotometry of nova Delphini 1967.}",
  journal = {\aaps},
     year = 1977,
    month = oct,
   volume = 30,
    pages = {323-334},
   adsurl = {http://adsabs.harvard.edu/abs/1977A%26AS...30..323D},
  adsnote = {Provided by the SAO/NASA Astrophysics Data System}
}

@ARTICLE{1978A&AS...31..337R,
   author = {{Rafanelli}, P. and {Rosino}, L.},
    title = "{The spectral evolution of nova HR Del /1967/ during its decline}",
  journal = {\aaps},
 keywords = {Absorption Spectra, Novae, Stellar Evolution, Stellar Spectra, Emission Spectra, Light Curve, Nebulae, Spectral Line Width, Stellar Magnitude},
     year = 1978,
    month = mar,
   volume = 31,
    pages = {337-352},
   adsurl = {http://adsabs.harvard.edu/abs/1978A%26AS...31..337R},
  adsnote = {Provided by the SAO/NASA Astrophysics Data System}
}

@ARTICLE{1992A&A...262..487F,
   author = {{Friedjung}, M.},
    title = "{The unusual nature of nova HR Delphini 1967}",
  journal = {\aap},
 keywords = {Cataclysmic Variables, Novae, Photosphere, Stellar Spectra, Stellar Models, Thermonuclear Reactions},
     year = 1992,
    month = sep,
   volume = 262,
    pages = {487-490},
   adsurl = {http://adsabs.harvard.edu/abs/1992A%26A...262..487F},
  adsnote = {Provided by the SAO/NASA Astrophysics Data System}
}

@ARTICLE{2005MNRAS.361..695L,
   author = {{Lawlor}, T.~M.},
    title = "{A new model for V838 Monocerotis: a born-again object including an episode of accretion}",
  journal = {\mnras},
 keywords = {stars: AGB and post-AGB, stars: evolution, stars: individual: V838 Mon, stars: variables: other},
     year = 2005,
    month = aug,
   volume = 361,
    pages = {695-700},
      doi = {10.1111/j.1365-2966.2005.09230.x},
   adsurl = {http://adsabs.harvard.edu/abs/2005MNRAS.361..695L},
  adsnote = {Provided by the SAO/NASA Astrophysics Data System}
}

@ARTICLE{1996ARA&A..34..207H,
   author = {{Hartmann}, L. and {Kenyon}, S.~J.},
    title = "{The FU Orionis Phenomenon}",
  journal = {\araa},
     year = 1996,
   volume = 34,
    pages = {207-240},
      doi = {10.1146/annurev.astro.34.1.207},
   adsurl = {http://adsabs.harvard.edu/abs/1996ARA%26A..34..207H},
  adsnote = {Provided by the SAO/NASA Astrophysics Data System}
}

@ARTICLE{1991ApJ...370L..35A,
   author = {{Artymowicz}, P. and {Clarke}, C.~J. and {Lubow}, S.~H. and 
	{Pringle}, J.~E.},
    title = "{The effect of an external disk on the orbital elements of a central binary}",
  journal = {\apjl},
 keywords = {Binary Stars, Stellar Evolution, Stellar Orbits, Accretion Disks, Eccentricity, Gravitational Effects, Stellar Mass, Stellar Models},
     year = 1991,
    month = mar,
   volume = 370,
    pages = {L35-L38},
      doi = {10.1086/185971},
   adsurl = {http://adsabs.harvard.edu/abs/1991ApJ...370L..35A},
  adsnote = {Provided by the SAO/NASA Astrophysics Data System}
}

@ARTICLE{2002MNRAS.330L..11A,
   author = {{Armitage}, P.~J. and {Bonnell}, I.~A.},
    title = "{The brown dwarf desert as a consequence of orbital migration}",
  journal = {\mnras},
   eprint = {astro-ph/0112001},
 keywords = {ACCRETION, ACCRETION DISCS, BINARIES: CLOSE, STARS: FORMATION, STARS: LOW-MASS, BROWN DWARFS, PLANETARY SYSTEMS: PROTOPLANETARY DISCS},
     year = 2002,
    month = feb,
   volume = 330,
    pages = {L11-L14},
      doi = {10.1046/j.1365-8711.2002.05213.x},
   adsurl = {http://adsabs.harvard.edu/abs/2002MNRAS.330L..11A},
  adsnote = {Provided by the SAO/NASA Astrophysics Data System}
}

@ARTICLE{2011A&A...528A.114T,
   author = {{Tylenda}, R. and {Hajduk}, M. and {Kami{\'n}ski}, T. and {Udalski}, A. and 
	{Soszy{\'n}ski}, I. and {Szyma{\'n}ski}, M.~K. and {Kubiak}, M. and 
	{Pietrzy{\'n}ski}, G. and {Poleski}, R. and {Wyrzykowski}, {\L}. and 
	{Ulaczyk}, K.},
    title = "{V1309 Scorpii: merger of a contact binary}",
  journal = {\aap},
archivePrefix = "arXiv",
   eprint = {1012.0163},
 primaryClass = "astro-ph.SR",
 keywords = {stars: individual: V1309 Sco, binaries: general, stars: peculiar},
     year = 2011,
    month = apr,
   volume = 528,
      eid = {A114},
    pages = {A114},
      doi = {10.1051/0004-6361/201016221},
   adsurl = {http://adsabs.harvard.edu/abs/2011A%26A...528A.114T},
  adsnote = {Provided by the SAO/NASA Astrophysics Data System}
}

@ARTICLE{2008NewA...13..569K,
   author = {{Kashi}, A. and {Soker}, N.},
    title = "{Accretion onto the companion of Eta Carinae during the spectroscopic event. V: The infrared decline}",
  journal = {\na},
archivePrefix = "arXiv",
   eprint = {0709.0090},
 keywords = {97.10.Fy, 97.10.Me, 97.30.Eh},
     year = 2008,
    month = nov,
   volume = 13,
    pages = {569-580},
      doi = {10.1016/j.newast.2008.03.003},
   adsurl = {http://adsabs.harvard.edu/abs/2008NewA...13..569K},
  adsnote = {Provided by the SAO/NASA Astrophysics Data System}
}

@ARTICLE{2018Galax...6...82K,
   author = {{Kashi}, A.},
    title = "{Simulations and Modeling of Intermediate Luminosity Optical Transients and Supernova Impostors}",
  journal = {Galaxies},
archivePrefix = "arXiv",
   eprint = {1807.11755},
 primaryClass = "astro-ph.SR",
     year = 2018,
    month = aug,
   volume = 6,
    pages = {82},
      doi = {10.3390/galaxies6030082},
   adsurl = {http://adsabs.harvard.edu/abs/2018Galax...6...82K},
  adsnote = {Provided by the SAO/NASA Astrophysics Data System}
}

@ARTICLE{2017MNRAS.467.3299K,
   author = {{Kashi}, A. and {Soker}, N.},
    title = "{Type II intermediate-luminosity optical transients (ILOTs)}",
  journal = {\mnras},
archivePrefix = "arXiv",
   eprint = {1611.05855},
 primaryClass = "astro-ph.SR",
 keywords = {stars: activity, stars: massive, stars: winds, outflows},
     year = 2017,
    month = may,
   volume = 467,
    pages = {3299-3305},
      doi = {10.1093/mnras/stx240},
   adsurl = {http://adsabs.harvard.edu/abs/2017MNRAS.467.3299K},
  adsnote = {Provided by the SAO/NASA Astrophysics Data System}
}

@ARTICLE{2017MNRAS.468.4968A,
   author = {{Adams}, S.~M. and {Kochanek}, C.~S. and {Gerke}, J.~R. and 
	{Stanek}, K.~Z. and {Dai}, X.},
    title = "{The search for failed supernovae with the Large Binocular Telescope: confirmation of a disappearing star}",
  journal = {\mnras},
archivePrefix = "arXiv",
   eprint = {1609.01283},
 primaryClass = "astro-ph.SR",
 keywords = {black hole physics, stars: massive, supernovae: individual: N6946-BH1},
     year = 2017,
    month = jul,
   volume = 468,
    pages = {4968-4981},
      doi = {10.1093/mnras/stx816},
   adsurl = {http://adsabs.harvard.edu/abs/2017MNRAS.468.4968A},
  adsnote = {Provided by the SAO/NASA Astrophysics Data System}
}

@MISC{2012ascl.soft02015D,
   author = {{Dullemond}, C.~P. and {Juhasz}, A. and {Pohl}, A. and {Sereshti}, F. and 
	{Shetty}, R. and {Peters}, T. and {Commercon}, B. and {Flock}, M.
	},
    title = "{RADMC-3D: A multi-purpose radiative transfer tool}",
 keywords = {Software },
howpublished = {Astrophysics Source Code Library},
     year = 2012,
    month = feb,
archivePrefix = "ascl",
   eprint = {1202.015},
   adsurl = {http://adsabs.harvard.edu/abs/2012ascl.soft02015D},
  adsnote = {Provided by the SAO/NASA Astrophysics Data System}
}

@ARTICLE{2010ApJ...719..831P,
   author = {{Peters}, T. and {Mac Low}, M.-M. and {Banerjee}, R. and {Klessen}, R.~S. and 
	{Dullemond}, C.~P.},
    title = "{Understanding Spatial and Spectral Morphologies of Ultracompact H II Regions}",
  journal = {\apj},
archivePrefix = "arXiv",
   eprint = {1003.4998},
 primaryClass = "astro-ph.GA",
 keywords = {H II regions, radiative transfer, stars: formation, stars: massive},
     year = 2010,
    month = aug,
   volume = 719,
    pages = {831-843},
      doi = {10.1088/0004-637X/719/1/831},
   adsurl = {http://adsabs.harvard.edu/abs/2010ApJ...719..831P},
  adsnote = {Provided by the SAO/NASA Astrophysics Data System}
}

@ARTICLE{1987AJ.....94..671B,
   author = {{Balick}, B.},
    title = "{The evolution of planetary nebulae. I - Structures, ionizations, and morphological sequences}",
  journal = {\aj},
 keywords = {Planetary Nebulae, Stellar Evolution, Astronomical Maps, Ionization, Morphology, Photographic Plates, Stellar Winds},
     year = 1987,
    month = sep,
   volume = 94,
    pages = {671-678},
      doi = {10.1086/114504},
   adsurl = {http://adsabs.harvard.edu/abs/1987AJ.....94..671B},
  adsnote = {Provided by the SAO/NASA Astrophysics Data System}
}

@ARTICLE{1995A&A...293..871C,
   author = {{Corradi}, R.~L.~M. and {Schwarz}, H.~E.},
    title = "{Morphological populations of planetary nebulae: which progenitors? I. Comparative properties of bipolar nebulae.}",
  journal = {\aap},
 keywords = {PLANETARY NEBULAE: GENERAL},
     year = 1995,
    month = jan,
   volume = 293,
    pages = {871-888},
   adsurl = {http://adsabs.harvard.edu/abs/1995A%26A...293..871C},
  adsnote = {Provided by the SAO/NASA Astrophysics Data System}
}

@BOOK{1996iacm.book.....M,
   author = {{Manchado}, A. and {Guerrero}, M.~A. and {Stanghellini}, L. and 
	{Serra-Ricart}, M.},
    title = "{The IAC morphological catalog of northern Galactic planetary nebulae}",
 keywords = {PLANETARY NEBULAE, MORPHOLOGY, CATALOGS},
booktitle = {The IAC morphological catalog of northern Galactic planetary nebulae, Publisher: La Laguna, Spain: Instituto de Astrofisica de Canarias (IAC), 1996, Foreword by Stuart R.~Pottasch, ISBN: 8492180609},
     year = 1996,
   adsurl = {http://adsabs.harvard.edu/abs/1996iacm.book.....M},
  adsnote = {Provided by the SAO/NASA Astrophysics Data System}
}

@INPROCEEDINGS{2016JPhCS.728c2008P,
   author = {{Parker}, Q.~A. and {Boji{\v c}i{\'c}}, I.~S. and {Frew}, D.~J.
	},
    title = "{HASH: the Hong Kong/AAO/Strasbourg H{$\alpha$} planetary nebula database}",
booktitle = {Journal of Physics Conference Series},
     year = 2016,
   series = {Journal of Physics Conference Series},
   volume = 728,
archivePrefix = "arXiv",
   eprint = {1603.07042},
 primaryClass = "astro-ph.SR",
    month = jul,
      eid = {032008},
    pages = {032008},
      doi = {10.1088/1742-6596/728/3/032008},
   adsurl = {http://adsabs.harvard.edu/abs/2016JPhCS.728c2008P},
  adsnote = {Provided by the SAO/NASA Astrophysics Data System}
}

@INPROCEEDINGS{2011apn5.confP..21S,
   author = {{Sahai}, R. and {Villar}, III, G.~G. and {Morris}, M.},
    title = "{Young planetary nebulae: Hubble Space Telescope imaging and new morphological classifications system}",
 keywords = {planetary nebulae: general},
booktitle = {Asymmetric Planetary Nebulae 5 Conference},
     year = 2011,
   adsurl = {http://adsabs.harvard.edu/abs/2011apn5.confP..21S},
  adsnote = {Provided by the SAO/NASA Astrophysics Data System}
}

@ARTICLE{2011MNRAS.416.1965B,
   author = {{Bear}, E. and {Kashi}, A. and {Soker}, N.},
    title = "{Mergerburst transients of brown dwarfs with exoplanets}",
  journal = {\mnras},
archivePrefix = "arXiv",
   eprint = {1104.4106},
 primaryClass = "astro-ph.SR",
 keywords = {accretion, accretion discs, planet-star interactions, brown dwarfs, stars: flare},
     year = 2011,
    month = sep,
   volume = 416,
    pages = {1965-1970},
      doi = {10.1111/j.1365-2966.2011.19171.x},
   adsurl = {http://adsabs.harvard.edu/abs/2011MNRAS.416.1965B},
  adsnote = {Provided by the SAO/NASA Astrophysics Data System}
}

@ARTICLE{2012ApJ...746..100S,
   author = {{Soker}, N. and {Kashi}, A.},
    title = "{Formation of Bipolar Planetary Nebulae by Intermediate-luminosity Optical Transients}",
  journal = {\apj},
archivePrefix = "arXiv",
   eprint = {1108.2257},
 primaryClass = "astro-ph.SR",
 keywords = {planetary nebulae: general},
     year = 2012,
    month = feb,
   volume = 746,
      eid = {100},
    pages = {100},
      doi = {10.1088/0004-637X/746/1/100},
   adsurl = {http://adsabs.harvard.edu/abs/2012ApJ...746..100S},
  adsnote = {Provided by the SAO/NASA Astrophysics Data System}
}

@ARTICLE{2013MNRAS.436.1961A,
   author = {{Akashi}, M. and {Soker}, N.},
    title = "{Impulsive ejection of gas in bipolar planetary nebulae}",
  journal = {\mnras},
archivePrefix = "arXiv",
   eprint = {1305.6264},
 primaryClass = "astro-ph.SR",
 keywords = {stars: winds, outflows, planetary nebulae: general},
     year = 2013,
    month = dec,
   volume = 436,
    pages = {1961-1967},
      doi = {10.1093/mnras/stt1704},
   adsurl = {http://adsabs.harvard.edu/abs/2013MNRAS.436.1961A},
  adsnote = {Provided by the SAO/NASA Astrophysics Data System}
}

@ARTICLE{2014prpl.conf..387A,
   author = {{Audard}, M. and {{\'A}brah{\'a}m}, P. and {Dunham}, M.~M. and 
	{Green}, J.~D. and {Grosso}, N. and {Hamaguchi}, K. and {Kastner}, J.~H. and 
	{K{\'o}sp{\'a}l}, {\'A}. and {Lodato}, G. and {Romanova}, M.~M. and 
	{Skinner}, S.~L. and {Vorobyov}, E.~I. and {Zhu}, Z.},
    title = "{Episodic Accretion in Young Stars}",
  journal = {Protostars and Planets VI},
archivePrefix = "arXiv",
   eprint = {1401.3368},
 primaryClass = "astro-ph.SR",
     year = 2014,
    pages = {387-410},
      doi = {10.2458/azu\_uapress\_9780816531240-ch017},
   adsurl = {http://adsabs.harvard.edu/abs/2014prpl.conf..387A},
  adsnote = {Provided by the SAO/NASA Astrophysics Data System}
}

@ARTICLE{2016ApJ...831..133H,
   author = {{Herczeg}, G.~J. and {Dong}, S. and {Shappee}, B.~J. and {Chen}, P. and 
	{Hillenbrand}, L.~A. and {Jose}, J. and {Kochanek}, C.~S. and 
	{Prieto}, J.~L. and {Stanek}, K.~Z. and {Kaplan}, K. and {Holoien}, T.~W.-S. and 
	{Mairs}, S. and {Johnstone}, D. and {Gully-Santiago}, M. and 
	{Zhu}, Z. and {Smith}, M.~C. and {Bersier}, D. and {Mulders}, G.~D. and 
	{Filippenko}, A.~V. and {Ayani}, K. and {Brimacombe}, J. and 
	{Brown}, J.~S. and {Connelley}, M. and {Harmanen}, J. and {Itoh}, R. and 
	{Kawabata}, K.~S. and {Maehara}, H. and {Takata}, K. and {Yuk}, H. and 
	{Zheng}, W.},
    title = "{The Eruption of the Candidate Young Star ASASSN-15QI}",
  journal = {\apj},
archivePrefix = "arXiv",
   eprint = {1607.06368},
 primaryClass = "astro-ph.SR",
 keywords = {stars: formation, stars: pre-main sequence, stars: variables: general, stars: winds, outflows},
     year = 2016,
    month = nov,
   volume = 831,
      eid = {133},
    pages = {133},
      doi = {10.3847/0004-637X/831/2/133},
   adsurl = {http://adsabs.harvard.edu/abs/2016ApJ...831..133H},
  adsnote = {Provided by the SAO/NASA Astrophysics Data System}
}

@INPROCEEDINGS{1989ESOC...33..233H,
   author = {{Herbig}, G.~H.},
    title = "{FU Orionis eruptions.}",
 keywords = {FU Orionis Stars: Outbursts, FU Orionis Stars: Mass Loss, FU Orionis Stars: Accretion Disks, FU Orionis Stars: Circumstellar Matter, FU Orionis Stars: Line Profiles},
booktitle = {European Southern Observatory Conference and Workshop Proceedings},
     year = 1989,
   series = {European Southern Observatory Conference and Workshop Proceedings},
   volume = 33,
   editor = {{Reipurth}, B.},
    month = sep,
    pages = {233-246},
   adsurl = {http://adsabs.harvard.edu/abs/1989ESOC...33..233H},
  adsnote = {Provided by the SAO/NASA Astrophysics Data System}
}

@ARTICLE{1966VA......8..109H,
   author = {{Herbig}, G.~H.},
    title = "{On the interpretation of FU orionis}",
  journal = {Vistas in Astronomy},
     year = 1966,
   volume = 8,
    pages = {109-125},
      doi = {10.1016/0083-6656(66)90025-0},
   adsurl = {http://adsabs.harvard.edu/abs/1966VA......8..109H},
  adsnote = {Provided by the SAO/NASA Astrophysics Data System}
}

@ARTICLE{1977ApJ...217..693H,
   author = {{Herbig}, G.~H.},
    title = "{Eruptive phenomena in early stellar evolution}",
  journal = {\apj},
 keywords = {Early Stars, Nebulae, Stellar Evolution, Stellar Spectra, Variable Stars, Emission Spectra, Infrared Spectra, Line Spectra, Main Sequence Stars, Metallic Stars, Radial Velocity, Spectrograms, Stellar Atmospheres, Stellar Mass Ejection, Stellar Rotation, Stellar Spectrophotometry, Supergiant Stars, T Tauri Stars},
     year = 1977,
    month = nov,
   volume = 217,
    pages = {693-715},
      doi = {10.1086/155615},
   adsurl = {http://adsabs.harvard.edu/abs/1977ApJ...217..693H},
  adsnote = {Provided by the SAO/NASA Astrophysics Data System}
}

@ARTICLE{2017MNRAS.468.4938K,
   author = {{Kashi}, A. and {Soker}, N.},
    title = "{An intermediate luminosity optical transient (ILOTs) model for the young stellar object ASASSN-15qi}",
  journal = {\mnras},
archivePrefix = "arXiv",
   eprint = {1609.00931},
 primaryClass = "astro-ph.SR",
 keywords = {accretion, accretion discs, planet-star interactions, stars: flare, stars: pre-main-sequence},
     year = 2017,
    month = jul,
   volume = 468,
    pages = {4938-4943},
      doi = {10.1093/mnras/stx767},
   adsurl = {http://adsabs.harvard.edu/abs/2017MNRAS.468.4938K},
  adsnote = {Provided by the SAO/NASA Astrophysics Data System}
}

@ARTICLE{2007AJ....133.2679H,
   author = {{Herbig}, G.~H.},
    title = "{EX Lupi: History and Spectroscopy}",
  journal = {\aj},
 keywords = {stars: activity, stars: evolution, stars: individual: EX Lupi, stars: pre-main sequence},
     year = 2007,
    month = jun,
   volume = 133,
    pages = {2679-2683},
      doi = {10.1086/517494},
   adsurl = {http://adsabs.harvard.edu/abs/2007AJ....133.2679H},
  adsnote = {Provided by the SAO/NASA Astrophysics Data System}
}

@ARTICLE{2017A&A...607A.127S,
   author = {{Sicilia-Aguilar}, A. and {Oprandi}, A. and {Froebrich}, D. and 
	{Fang}, M. and {Prieto}, J.~L. and {Stanek}, K. and {Scholz}, A. and 
	{Kochanek}, C.~S. and {Henning}, T. and {Gredel}, R. and {Holoien}, T.~W.-S. and 
	{Rabus}, M. and {Shappee}, B.~J. and {Billington}, S.~J. and 
	{Campbell-White}, J. and {Zegmott}, T.~J.},
    title = "{The 2014-2017 outburst of the young star ASASSN-13db. A time-resolved picture of a very-low-mass star between EXors and FUors}",
  journal = {\aap},
archivePrefix = "arXiv",
   eprint = {1708.02010},
 primaryClass = "astro-ph.SR",
 keywords = {stars: pre-main sequence, stars: variables: T Tauri, Herbig Ae/Be, stars: individual: ASASSN-13db, stars: low-mass, protoplanetary disks, techniques: spectroscopic},
     year = 2017,
    month = nov,
   volume = 607,
      eid = {A127},
    pages = {A127},
      doi = {10.1051/0004-6361/201731263},
   adsurl = {http://adsabs.harvard.edu/abs/2017A%26A...607A.127S},
  adsnote = {Provided by the SAO/NASA Astrophysics Data System}
}

@ARTICLE{1995ApJ...452..704D,
   author = {{della Valle}, M. and {Livio}, M.},
    title = "{The Calibration of Novae as Distance Indicators}",
  journal = {\apj},
 keywords = {STARS: NOVAE, CATACLYSMIC VARIABLES, STARS: DISTANCES},
     year = 1995,
    month = oct,
   volume = 452,
    pages = {704},
      doi = {10.1086/176342},
   adsurl = {http://adsabs.harvard.edu/abs/1995ApJ...452..704D},
  adsnote = {Provided by the SAO/NASA Astrophysics Data System}
}

@ARTICLE{1995ApJ...445..789P,
   author = {{Prialnik}, D. and {Kovetz}, A.},
    title = "{An extended grid of multicycle nova evolution models}",
  journal = {\apj},
 keywords = {Independent Variables, Mass Transfer, Novae, Stellar Evolution, Stellar Mass, Stellar Models, Stellar Temperature, Abundance, Radiation Pressure, Stellar Interiors, Stellar Mass Accretion, Stellar Mass Ejection, White Dwarf Stars},
     year = 1995,
    month = jun,
   volume = 445,
    pages = {789-810},
      doi = {10.1086/175741},
   adsurl = {http://adsabs.harvard.edu/abs/1995ApJ...445..789P},
  adsnote = {Provided by the SAO/NASA Astrophysics Data System}
}

@ARTICLE{2005ApJ...623..398Y,
   author = {{Yaron}, O. and {Prialnik}, D. and {Shara}, M.~M. and {Kovetz}, A.
	},
    title = "{An Extended Grid of Nova Models. II. The Parameter Space of Nova Outbursts}",
  journal = {\apj},
   eprint = {astro-ph/0503143},
 keywords = {Accretion, Accretion Disks, Stars: Binaries: Close, Stars: Novae, Cataclysmic Variables, Stars: White Dwarfs},
     year = 2005,
    month = apr,
   volume = 623,
    pages = {398-410},
      doi = {10.1086/428435},
   adsurl = {http://adsabs.harvard.edu/abs/2005ApJ...623..398Y},
  adsnote = {Provided by the SAO/NASA Astrophysics Data System}
}

@ARTICLE{2010ApJ...725..831S,
   author = {{Shara}, M.~M. and {Yaron}, O. and {Prialnik}, D. and {Kovetz}, A. and 
	{Zurek}, D.},
    title = "{An Extended Grid of Nova Models. III. Very Luminous, Red Novae}",
  journal = {\apj},
archivePrefix = "arXiv",
   eprint = {1009.3864},
 primaryClass = "astro-ph.SR",
 keywords = {accretion, accretion disks, binaries: close, novae, cataclysmic variables, white dwarfs},
     year = 2010,
    month = dec,
   volume = 725,
    pages = {831-841},
      doi = {10.1088/0004-637X/725/1/831},
   adsurl = {http://adsabs.harvard.edu/abs/2010ApJ...725..831S},
  adsnote = {Provided by the SAO/NASA Astrophysics Data System}
}

@ARTICLE{2014ApJ...786...39N,
   author = {{Nandez}, J.~L.~A. and {Ivanova}, N. and {Lombardi}, Jr., J.~C.
	},
    title = "{V1309 Sco{\mdash}Understanding a Merger}",
  journal = {\apj},
archivePrefix = "arXiv",
   eprint = {1311.6522},
 primaryClass = "astro-ph.SR",
 keywords = {binaries: close, hydrodynamics, stars: individual: V1309 Sco, stars: kinematics and dynamics, stars: rotation},
     year = 2014,
    month = may,
   volume = 786,
      eid = {39},
    pages = {39},
      doi = {10.1088/0004-637X/786/1/39},
   adsurl = {http://adsabs.harvard.edu/abs/2014ApJ...786...39N},
  adsnote = {Provided by the SAO/NASA Astrophysics Data System}
}

@ARTICLE{2016MNRAS.458..950S,
   author = {{Smith}, N. and {Andrews}, J.~E. and {Van Dyk}, S.~D. and {Mauerhan}, J.~C. and 
	{Kasliwal}, M.~M. and {Bond}, H.~E. and {Filippenko}, A.~V. and 
	{Clubb}, K.~I. and {Graham}, M.~L. and {Perley}, D.~A. and {Jencson}, J. and 
	{Bally}, J. and {Ubeda}, L. and {Sabbi}, E.},
    title = "{Massive star mergers and the recent transient in NGC 4490: a more massive cousin of V838 Mon and V1309 Sco}",
  journal = {\mnras},
archivePrefix = "arXiv",
   eprint = {1602.05203},
 primaryClass = "astro-ph.SR",
 keywords = {binaries: general, circumstellar matter, stars: evolution, stars: massive, stars: winds, outflows},
     year = 2016,
    month = may,
   volume = 458,
    pages = {950-962},
      doi = {10.1093/mnras/stw219},
   adsurl = {http://adsabs.harvard.edu/abs/2016MNRAS.458..950S},
  adsnote = {Provided by the SAO/NASA Astrophysics Data System}
}

@ARTICLE{2016MNRAS.463.2904S,
   author = {{Smith}, N. and {Andrews}, J.~E. and {Mauerhan}, J.~C.},
    title = "{Massive stars dying alone: the extremely remote environment of SN 2009ip}",
  journal = {\mnras},
archivePrefix = "arXiv",
   eprint = {1607.01056},
 primaryClass = "astro-ph.SR",
 keywords = {circumstellar matter, stars: evolution, supernovae: general, supernovae: individual: 2009ip, stars: winds, outflows},
     year = 2016,
    month = dec,
   volume = 463,
    pages = {2904-2911},
      doi = {10.1093/mnras/stw2190},
   adsurl = {http://adsabs.harvard.edu/abs/2016MNRAS.463.2904S},
  adsnote = {Provided by the SAO/NASA Astrophysics Data System}
}

@ARTICLE{2016MNRAS.455.3546S,
   author = {{Smith}, N. and {Andrews}, J.~E. and {Mauerhan}, J.~C. and {Zheng}, W. and 
	{Filippenko}, A.~V. and {Graham}, M.~L. and {Milne}, P.},
    title = "{The Persistent Eruption of UGC 2773-OT: finally, a decade-long extragalactic Eta Carinae analogue}",
  journal = {\mnras},
archivePrefix = "arXiv",
   eprint = {1510.08050},
 primaryClass = "astro-ph.SR",
 keywords = {circumstellar matter, stars: evolution, stars: winds, outflows},
     year = 2016,
    month = feb,
   volume = 455,
    pages = {3546-3560},
      doi = {10.1093/mnras/stv2507},
   adsurl = {http://adsabs.harvard.edu/abs/2016MNRAS.455.3546S},
  adsnote = {Provided by the SAO/NASA Astrophysics Data System}
}

@ARTICLE{2000ApJS..131..273F,
       author = {{Fryxell}, B. and {Olson}, K. and {Ricker}, P. and {Timmes}, F.~X. and
        {Zingale}, M. and {Lamb}, D.~Q. and {MacNeice}, P. and {Rosner},
        R. and {Truran}, J.~W. and {Tufo}, H.},
        title = "{FLASH: An Adaptive Mesh Hydrodynamics Code for Modeling Astrophysical
        Thermonuclear Flashes}",
      journal = {The Astrophysical Journal Supplement Series},
     keywords = {Equation of State, Hydrodynamics, Methods: Numerical, Nuclear Reactions,
        Nucleosynthesis, Abundances, Stars: General},
         year = 2000,
        month = Nov,
       volume = {131},
        pages = {273-334},
          doi = {10.1086/317361},
       adsurl = {https://ui.adsabs.harvard.edu/#abs/2000ApJS..131..273F},
      adsnote = {Provided by the SAO/NASA Astrophysics Data System}
}

@ARTICLE{2011ApJS..192....9T,
   author = {{Turk}, M.~J. and {Smith}, B.~D. and {Oishi}, J.~S. and {Skory}, S. and 
	{Skillman}, S.~W. and {Abel}, T. and {Norman}, M.~L.},
    title = "{yt: A Multi-code Analysis Toolkit for Astrophysical Simulation Data}",
  journal = {\apjs},
archivePrefix = "arXiv",
   eprint = {1011.3514},
 primaryClass = "astro-ph.IM",
 keywords = {cosmology: theory, methods: data analysis, methods: numerical},
     year = 2011,
    month = jan,
   volume = 192,
      eid = {9},
    pages = {9},
      doi = {10.1088/0067-0049/192/1/9},
   adsurl = {http://adsabs.harvard.edu/abs/2011ApJS..192....9T},
  adsnote = {Provided by the SAO/NASA Astrophysics Data System}
}

@BOOK{2002apa..book.....F,
   author = {{Frank}, J. and {King}, A. and {Raine}, D.~J.},
    title = "{Accretion Power in Astrophysics: Third Edition}",
booktitle = {Accretion Power in Astrophysics, by Juhan Frank and Andrew King and Derek Raine, pp.~398.~ISBN 0521620538.~Cambridge, UK: Cambridge University Press, February 2002.},
     year = 2002,
    month = jan,
    pages = {398},
   adsurl = {http://adsabs.harvard.edu/abs/2002apa..book.....F},
  adsnote = {Provided by the SAO/NASA Astrophysics Data System}
}

@ARTICLE{1964ApJ...139.1217T,
   author = {{Toomre}, A.},
    title = "{On the gravitational stability of a disk of stars}",
  journal = {\apj},
     year = 1964,
    month = may,
   volume = 139,
    pages = {1217-1238},
      doi = {10.1086/147861},
   adsurl = {http://adsabs.harvard.edu/abs/1964ApJ...139.1217T},
  adsnote = {Provided by the SAO/NASA Astrophysics Data System}
}

@ARTICLE{2018arXiv180502529K,
   author = {{Kashi}, A.},
    title = "{Simulating the Response of the Secondary Star of Eta Carinae to Mass Accretion at Periastron Passage}",
  journal = {ArXiv e-prints},
archivePrefix = "arXiv",
   eprint = {1805.02529},
 primaryClass = "astro-ph.SR",
 keywords = {Astrophysics - Solar and Stellar Astrophysics},
     year = 2018,
    month = may,
   adsurl = {http://adsabs.harvard.edu/abs/2018arXiv180502529K},
  adsnote = {Provided by the SAO/NASA Astrophysics Data System}
}

@ARTICLE{1988MNRAS.232....1F,
   author = {{Frank}, J. and {Robertson}, J.~A.},
    title = "{Numerical studies of the dynamical stability of differentially rotating tori}",
  journal = {\mnras},
 keywords = {Accretion Disks, Active Galactic Nuclei, Dynamic Stability, Numerical Integration, Quasars, Toruses, Angular Momentum, Astronomical Models, Difference Equations, Entropy, Finite Difference Theory, Linear Equations, Perturbation Theory, Toroidal Plasmas},
     year = 1988,
    month = may,
   volume = 232,
    pages = {1-33},
      doi = {10.1093/mnras/232.1.1},
   adsurl = {http://adsabs.harvard.edu/abs/1988MNRAS.232....1F},
  adsnote = {Provided by the SAO/NASA Astrophysics Data System}
}

@ARTICLE{1984JCoPh..54..174C,
   author = {{Colella}, P. and {Woodward}, P.~R.},
    title = "{The Piecewise Parabolic Method (PPM) for Gas-Dynamical Simulations}",
  journal = {Journal of Computational Physics},
     year = 1984,
    month = sep,
   volume = 54,
    pages = {174-201},
      doi = {10.1016/0021-9991(84)90143-8},
   adsurl = {http://adsabs.harvard.edu/abs/1984JCoPh..54..174C},
  adsnote = {Provided by the SAO/NASA Astrophysics Data System}
}

@book{currie2002fundamental,
  title={Fundamental Mechanics of Fluids, Third Edition},
  author={Currie, I.G. and Currie, I.G.},
  isbn={9780203910542},
  lccn={2002041221},
  series={Dekker Mechanical Engineering},
  url={https://books.google.co.il/books?id=3cqfjZ5\_6xYC},
  year={2002},
  publisher={Taylor \& Francis}
}

@ARTICLE{2018NewA...65...29M,
   author = {{Michaelis}, A.~M. and {Kashi}, A. and {Kochiashvili}, N.},
    title = "{Periodicity in the light curve of P Cygni-Indication for a binary companion?}",
  journal = {\na},
archivePrefix = "arXiv",
   eprint = {1806.00769},
 primaryClass = "astro-ph.SR",
 keywords = {(Stars:) binaries, General-stars, Massive-stars, Individual (P Cyg)},
     year = 2018,
    month = nov,
   volume = 65,
    pages = {29-34},
      doi = {10.1016/j.newast.2018.06.001},
   adsurl = {http://adsabs.harvard.edu/abs/2018NewA...65...29M},
  adsnote = {Provided by the SAO/NASA Astrophysics Data System}
}

@ARTICLE{1984ApJ...277..333I,
   author = {{Iben}, Jr., I.},
    title = "{On the frequency of planetary nebula nuclei powered by helium burning and on the frequency of white dwarfs with hydrogen-deficient atmospheres}",
  journal = {\apj},
 keywords = {Abundance, Planetary Nebulae, Stellar Cores, Stellar Evolution, Stellar Winds, White Dwarf Stars, Helium, Hertzsprung-Russell Diagram, Stellar Atmospheres, Stellar Mass Ejection, Stellar Models, Thermonuclear Reactions},
     year = 1984,
    month = feb,
   volume = 277,
    pages = {333-354},
      doi = {10.1086/161700},
   adsurl = {http://adsabs.harvard.edu/abs/1984ApJ...277..333I},
  adsnote = {Provided by the SAO/NASA Astrophysics Data System}
}

@ARTICLE{2001ApJ...554L..71H,
   author = {{Herwig}, F.},
    title = "{The Evolutionary Timescale of Sakurai's Object: A Test of Convection Theory?}",
  journal = {\apjl},
   eprint = {astro-ph/0103002},
 keywords = {Stars: Abundances, Stars: AGB and Post-AGB, Stars: Evolution, Stars: Individual: Constellation Name: FG Sagittae, Stars: Individual: Name: Sakurai's Object, Stars: Interiors},
     year = 2001,
    month = jun,
   volume = 554,
    pages = {L71-L74},
      doi = {10.1086/320911},
   adsurl = {http://adsabs.harvard.edu/abs/2001ApJ...554L..71H},
  adsnote = {Provided by the SAO/NASA Astrophysics Data System}
}

@ARTICLE{2003ApJ...583..913L,
   author = {{Lawlor}, T.~M. and {MacDonald}, J.},
    title = "{Sakurai's Object, V605 Aquilae, and FG Sagittae: An Evolutionary Sequence Revealed}",
  journal = {\apj},
 keywords = {Stars: AGB and Post-AGB, Stars: Evolution, stars: individual (Sakurai's object, V605 Aquilae), Stars: Individual: Constellation Name: FG Sagittae, Stars: Variables: Other},
     year = 2003,
    month = feb,
   volume = 583,
    pages = {913-922},
      doi = {10.1086/345411},
   adsurl = {http://adsabs.harvard.edu/abs/2003ApJ...583..913L},
  adsnote = {Provided by the SAO/NASA Astrophysics Data System}
}

@ARTICLE{2016MNRAS.462..217S,
       author = {{Soker}, Noam and {Kashi}, Amit},
        title = "{Explaining two recent intermediate-luminosity optical transients (ILOTs) by a binary interaction and jets}",
      journal = {\mnras},
     keywords = {binaries: general, stars: jets, stars: variables: general, Astrophysics - Solar and Stellar Astrophysics, Astrophysics - High Energy Astrophysical Phenomena},
         year = 2016,
        month = Oct,
       volume = {462},
        pages = {217-222},
          doi = {10.1093/mnras/stw1686},
archivePrefix = {arXiv},
       eprint = {1605.07382},
 primaryClass = {astro-ph.SR},
       adsurl = {https://ui.adsabs.harvard.edu/\#abs/2016MNRAS.462..217S},
      adsnote = {Provided by the SAO/NASA Astrophysics Data System}
}

@ARTICLE{2009ApJ...697L..49S,
       author = {{Smith}, Nathan and {Ganeshalingam}, Mohan and {Chornock}, Ryan and
        {Filippenko}, Alexei V. and {Li}, Weidong and {Silverman},
        Jeffrey M. and {Steele}, Thea N. and {Griffith}, Christopher V.
        and {Joubert}, Niels and {Lee}, Nicholas Y. and {Lowe}, Thomas
        B. and {Mobberley}, Martin P. and {Winslow}, Dustin M.},
        title = "{SN 2008S: A Cool Super-Eddington Wind in a Supernova Impostor}",
      journal = {\apj},
     keywords = {stars: mass loss, supernovae: individual: SN 2008S, Astrophysics},
         year = 2009,
        month = May,
       volume = {697},
        pages = {L49-L53},
          doi = {10.1088/0004-637X/697/1/L49},
archivePrefix = {arXiv},
       eprint = {0811.3929},
 primaryClass = {astro-ph},
       adsurl = {https://ui.adsabs.harvard.edu/\#abs/2009ApJ...697L..49S},
      adsnote = {Provided by the SAO/NASA Astrophysics Data System}
}

@ARTICLE{2013ApJ...764L...6S,
       author = {{Soker}, Noam and {Kashi}, Amit},
        title = "{Explaining the Supernova Impostor SN 2009ip as Mergerburst}",
      journal = {\apj},
     keywords = {stars: individual: SN 2009ip, stars: massive, stars: variables: general, stars: winds, outflows, Astrophysics - High Energy Astrophysical Phenomena, Astrophysics - Solar and Stellar Astrophysics},
         year = 2013,
        month = Feb,
       volume = {764},
          eid = {L6},
        pages = {L6},
          doi = {10.1088/2041-8205/764/1/L6},
archivePrefix = {arXiv},
       eprint = {1211.5388},
 primaryClass = {astro-ph.HE},
       adsurl = {https://ui.adsabs.harvard.edu/\#abs/2013ApJ...764L...6S},
      adsnote = {Provided by the SAO/NASA Astrophysics Data System}
}

@ARTICLE{2007ApJ...659.1536R,
   author = {{Rau}, A. and {Kulkarni}, S.~R. and {Ofek}, E.~O. and {Yan}, L.
	},
    title = "{Spitzer Observations of the New Luminous Red Nova M85 OT2006-1}",
  journal = {\apj},
   eprint = {astro-ph/0612161},
 keywords = {Stars: Individual: Alphanumeric: M31 RV, stars: individual (M85OT 2006-1), stars: individual (V838 Mon), Stars: Variables: Other},
     year = 2007,
    month = apr,
   volume = 659,
    pages = {1536-1540},
      doi = {10.1086/512672},
   adsurl = {http://adsabs.harvard.edu/abs/2007ApJ...659.1536R},
  adsnote = {Provided by the SAO/NASA Astrophysics Data System}
}

@ARTICLE{2019MNRAS.482.4233G,
       author = {{Gilkis}, Avishai and {Soker}, Noam and {Kashi}, Amit},
        title = "{Common envelope jets supernova (CEJSN) impostors resulting from a neutron star companion}",
      journal = {\mnras},
     keywords = {accretion, accretion discs, binaries: close, stars: jets, stars: massive, stars: neutron, supernovae: general, Astrophysics - High Energy Astrophysical Phenomena},
         year = 2019,
        month = Jan,
       volume = {482},
        pages = {4233-4242},
          doi = {10.1093/mnras/sty3008},
archivePrefix = {arXiv},
       eprint = {1802.08669},
 primaryClass = {astro-ph.HE},
       adsurl = {https://ui.adsabs.harvard.edu/\#abs/2019MNRAS.482.4233G},
      adsnote = {Provided by the SAO/NASA Astrophysics Data System}
}

@ARTICLE{2010arXiv1011.1222K,
       author = {{Kashi}, Amit and {Soker}, Noam},
        title = "{Common Powering Mechanism of Intermediate Luminosity Optical Transients and Luminous Blue Variables}",
      journal = {arXiv e-prints},
     keywords = {Astrophysics - Solar and Stellar Astrophysics},
         year = 2010,
        month = Nov,
          eid = {arXiv:1011.1222},
        pages = {arXiv:1011.1222},
archivePrefix = {arXiv},
       eprint = {1011.1222},
 primaryClass = {astro-ph.SR},
       adsurl = {https://ui.adsabs.harvard.edu/\#abs/2010arXiv1011.1222K},
      adsnote = {Provided by the SAO/NASA Astrophysics Data System}
}

@ARTICLE{2009ApJ...699.1850B,
       author = {{Berger}, E. and {Soderberg}, A.~M. and {Chevalier}, R.~A. and
        {Fransson}, C. and {Foley}, R.~J. and {Leonard}, D.~C. and
        {Debes}, J.~H. and {Diamond-Stanic}, A.~M. and {Dupree}, A.~K.
        and {Ivans}, I.~I. and {Simmerer}, J. and {Thompson}, I.~B. and
        {Tremonti}, C.~A.},
        title = "{An Intermediate Luminosity Transient in NGC 300: The Eruption of a Dust-Enshrouded Massive Star}",
      journal = {\apj},
     keywords = {circumstellar matter, stars: evolution, stars: mass loss, stars: winds, outflows, Astrophysics - High Energy Astrophysical Phenomena},
         year = 2009,
        month = Jul,
       volume = {699},
        pages = {1850-1865},
          doi = {10.1088/0004-637X/699/2/1850},
archivePrefix = {arXiv},
       eprint = {0901.0710},
 primaryClass = {astro-ph.HE},
       adsurl = {https://ui.adsabs.harvard.edu/\#abs/2009ApJ...699.1850B},
      adsnote = {Provided by the SAO/NASA Astrophysics Data System}
}

@ARTICLE{2018MNRAS.474..197P,
       author = {{Pastorello}, A. and {Kochanek}, C.~S. and {Fraser}, M. and {Dong}, Subo
        and {Elias-Rosa}, N. and {Filippenko}, A.~V. and {Benetti}, S.
        and {Cappellaro}, E. and {Tomasella}, L. and {Drake}, A.~J. and
        {Harmanen}, J. and {Reynolds}, T. and {Shappee}, B.~J. and
        {Smartt}, S.~J. and {Chambers}, K.~C. and {Huber}, M.~E. and
        {Smith}, K. and {Stanek}, K.~Z. and {Christensen}, E.~J. and
        {Denneau}, L. and {Djorgovski}, S.~G. and {Flewelling}, H. and
        {Gall}, C. and {Gal-Yam}, A. and {Geier}, S. and {Heinze}, A.
        and {Holoien}, T.~W. -S. and {Isern}, J. and {Kangas}, T. and
        {Kankare}, E. and {Koff}, R.~A. and {Llapasset}, J. -M. and
        {Lowe}, T.~B. and {Lundqvist}, P. and {Magnier}, E.~A. and
        {Mattila}, S. and {Morales-Garoffolo}, A. and {Mutel}, R. and
        {Nicolas}, J. and {Ochner}, P. and {Ofek}, E.~O. and {Prosperi},
        E. and {Rest}, A. and {Sano}, Y. and {Stalder}, B. and
        {Stritzinger}, M.~D. and {Taddia}, F. and {Terreran}, G. and
        {Tonry}, J.~L. and {Wainscoat}, R.~J. and {Waters}, C. and
        {Weiland}, H. and {Willman}, M. and {Young}, D.~R. and {Zheng},
        W.},
        title = "{Supernovae 2016bdu and 2005gl, and their link with SN 2009ip-like transients: another piece of the puzzle}",
      journal = {\mnras},
     keywords = {Astrophysics - Solar and Stellar Astrophysics, Astrophysics - High Energy Astrophysical Phenomena},
         year = 2018,
        month = Feb,
       volume = {474},
        pages = {197-218},
          doi = {10.1093/mnras/stx2668},
archivePrefix = {arXiv},
       eprint = {1707.00611},
 primaryClass = {astro-ph.SR},
       adsurl = {https://ui.adsabs.harvard.edu/\#abs/2018MNRAS.474..197P},
      adsnote = {Provided by the SAO/NASA Astrophysics Data System}
}

@ARTICLE{2018MNRAS.480.3195K,
       author = {{Kashi}, Amit and {Soker}, Noam},
        title = "{Counteracting tidal circularization with the grazing envelope evolution}",
      journal = {\mnras},
     keywords = {stars: AGB and post-AGB, stars: kinematics and dynamics, stars: mass-loss, Astrophysics - Solar and Stellar Astrophysics},
         year = 2018,
        month = Nov,
       volume = {480},
        pages = {3195-3200},
          doi = {10.1093/mnras/sty2115},
archivePrefix = {arXiv},
       eprint = {1807.03042},
 primaryClass = {astro-ph.SR},
       adsurl = {https://ui.adsabs.harvard.edu/\#abs/2018MNRAS.480.3195K},
      adsnote = {Provided by the SAO/NASA Astrophysics Data System}
}

@ARTICLE{2007Natur.447..458K,
       author = {{Kulkarni}, S.~R. and {Ofek}, E.~O. and {Rau}, A. and {Cenko}, S.~B. and
        {Soderberg}, A.~M. and {Fox}, D.~B. and {Gal-Yam}, A. and
        {Capak}, P.~L. and {Moon}, D.~S. and {Li}, W. and {Filippenko},
        A.~V. and {Egami}, E. and {Kartaltepe}, J. and {Sanders}, D.~B.},
        title = "{An unusually brilliant transient in the galaxy M85}",
      journal = {\nat},
     keywords = {Astrophysics},
         year = 2007,
        month = May,
       volume = {447},
        pages = {458-460},
          doi = {10.1038/nature05822},
archivePrefix = {arXiv},
       eprint = {0705.3668},
 primaryClass = {astro-ph},
       adsurl = {https://ui.adsabs.harvard.edu/\#abs/2007Natur.447..458K},
      adsnote = {Provided by the SAO/NASA Astrophysics Data System}
}

@ARTICLE{2011ApJ...730..134K,
       author = {{Kasliwal}, Mansi M. and {Kulkarni}, Shri R. and {Arcavi}, Iair and
        {Quimby}, Robert M. and {Ofek}, Eran O. and {Nugent}, Peter and
        {Jacobsen}, Janet and {Gal-Yam}, Avishay and {Green}, Yoav and
        {Yaron}, Ofer and {Fox}, Derek B. and {Howell}, Jacob L. and
        {Cenko}, S. Bradley and {Kleiser}, Io and {Bloom}, Joshua S. and
        {Miller}, Adam and {Li}, Weidong and {Filippenko}, Alexei V. and
        {Starr}, Dan and {Poznanski}, Dovi and {Law}, Nicholas M. and
        {Helou}, George and {Frail}, Dale A. and {Neill}, James D. and
        {Forster}, Karl and {Martin}, D. Christopher and {Tendulkar},
        Shriharsh P. and {Gehrels}, Neil and {Kennea}, Jamie and
        {Sullivan}, Mark and {Bildsten}, Lars and {Dekany}, Richard and
        {Rahmer}, Gustavo and {Hale}, David and {Smith}, Roger and
        {Zolkower}, Jeff and {Velur}, Viswa and {Walters}, Richard and
        {Henning}, John and {Bui}, Kahnh and {McKenna}, Dan and {Blake},
        Cullen},
        title = "{PTF 10fqs: A Luminous Red Nova in the Spiral Galaxy Messier 99}",
      journal = {\apj},
     keywords = {stars: AGB and post-AGB, stars: mass-loss, supernovae: general, supernovae: individual: PTF 10fqs, surveys, Astrophysics - Solar and Stellar Astrophysics, Astrophysics - Cosmology and Nongalactic Astrophysics, Astrophysics - High Energy Astrophysical Phenomena},
         year = 2011,
        month = Apr,
       volume = {730},
          eid = {134},
        pages = {134},
          doi = {10.1088/0004-637X/730/2/134},
archivePrefix = {arXiv},
       eprint = {1005.1455},
 primaryClass = {astro-ph.SR},
       adsurl = {https://ui.adsabs.harvard.edu/\#abs/2011ApJ...730..134K},
      adsnote = {Provided by the SAO/NASA Astrophysics Data System}
}

@ARTICLE{2010MNRAS.408..181P,
       author = {{Pastorello}, A. and {Botticella}, M.~T. and {Trundle}, C. and
        {Taubenberger}, S. and {Mattila}, S. and {Kankare}, E. and
        {Elias-Rosa}, N. and {Benetti}, S. and {Duszanowicz}, G. and
        {Hermansson}, L. and {Beckman}, J.~E. and {Bufano}, F. and
        {Fraser}, M. and {Harutyunyan}, A. and {Navasardyan}, H. and
        {Smartt}, S.~J. and {van Dyk}, S.~D. and {Vink}, J.~S. and
        {Wagner}, R.~M.},
        title = "{Multiple major outbursts from a restless luminous blue variable in NGC 3432}",
      journal = {\mnras},
     keywords = {Astrophysics - Solar and Stellar Astrophysics},
         year = 2010,
        month = Oct,
       volume = {408},
        pages = {181-198},
          doi = {10.1111/j.1365-2966.2010.17142.x},
archivePrefix = {arXiv},
       eprint = {1006.0504},
 primaryClass = {astro-ph.SR},
       adsurl = {https://ui.adsabs.harvard.edu/\#abs/2010MNRAS.408..181P},
      adsnote = {Provided by the SAO/NASA Astrophysics Data System}
}

@ARTICLE{2010A&A...516A.108M,
       author = {{Mason}, E. and {Diaz}, M. and {Williams}, R.~E. and {Preston}, G. and
        {Bensby}, T.},
        title = "{The peculiar nova V1309 Scorpii/nova Scorpii 2008. A candidate twin of V838 Monocerotis}",
      journal = {\aap},
     keywords = {stars: individual: V1309 Sco, novae, cataclysmic variables, binaries: symbiotic, Astrophysics - Solar and Stellar Astrophysics},
         year = 2010,
        month = Jun,
       volume = {516},
          eid = {A108},
        pages = {A108},
          doi = {10.1051/0004-6361/200913610},
archivePrefix = {arXiv},
       eprint = {1004.3600},
 primaryClass = {astro-ph.SR},
       adsurl = {https://ui.adsabs.harvard.edu/\#abs/2010A&A...516A.108M},
      adsnote = {Provided by the SAO/NASA Astrophysics Data System}
}

@ARTICLE{2011MNRAS.415.2020S,
       author = {{Smith}, Nathan},
        title = "{Explosions triggered by violent binary-star collisions: application to Eta Carinae and other eruptive transients}",
      journal = {\mnras},
     keywords = {binaries: general, stars: individual: Eta Carinae, stars: massive, stars: mass-loss, Astrophysics - Solar and Stellar Astrophysics, Astrophysics - Cosmology and Nongalactic Astrophysics, Astrophysics - High Energy Astrophysical Phenomena},
         year = 2011,
        month = Aug,
       volume = {415},
        pages = {2020-2024},
          doi = {10.1111/j.1365-2966.2011.18607.x},
archivePrefix = {arXiv},
       eprint = {1010.3770},
 primaryClass = {astro-ph.SR},
       adsurl = {https://ui.adsabs.harvard.edu/\#abs/2011MNRAS.415.2020S},
      adsnote = {Provided by the SAO/NASA Astrophysics Data System}
}

@ARTICLE{2011MNRAS.415.2009S,
       author = {{Smith}, Nathan and {Frew}, David J.},
        title = "{A revised historical light curve of Eta Carinae and the timing of close periastron encounters}",
      journal = {\mnras},
     keywords = {instabilities, binaries: close, stars: individual: Eta Carinae, stars: massive, stars: mass-loss, Astrophysics - Solar and Stellar Astrophysics, Astrophysics - High Energy Astrophysical Phenomena},
         year = 2011,
        month = Aug,
       volume = {415},
        pages = {2009-2019},
          doi = {10.1111/j.1365-2966.2011.18993.x},
archivePrefix = {arXiv},
       eprint = {1010.3719},
 primaryClass = {astro-ph.SR},
       adsurl = {https://ui.adsabs.harvard.edu/\#abs/2011MNRAS.415.2009S},
      adsnote = {Provided by the SAO/NASA Astrophysics Data System}
}

@ARTICLE{2011MNRAS.415..773S,
       author = {{Smith}, Nathan and {Li}, Weidong and {Silverman}, Jeffrey M. and
        {Ganeshalingam}, Mohan and {Filippenko}, Alexei V.},
        title = "{Luminous blue variable eruptions and related transients: diversity of progenitors and outburst properties}",
      journal = {\mnras},
     keywords = {instabilities, stars: evolution, stars: massive, stars: mass-loss, supernovae: general, stars: winds, outflows, Astrophysics - Solar and Stellar Astrophysics, Astrophysics - Cosmology and Nongalactic Astrophysics, Astrophysics - High Energy Astrophysical Phenomena},
         year = 2011,
        month = Jul,
       volume = {415},
        pages = {773-810},
          doi = {10.1111/j.1365-2966.2011.18763.x},
archivePrefix = {arXiv},
       eprint = {1010.3718},
 primaryClass = {astro-ph.SR},
       adsurl = {https://ui.adsabs.harvard.edu/\#abs/2011MNRAS.415..773S},
      adsnote = {Provided by the SAO/NASA Astrophysics Data System}
}

@ARTICLE{2007Natur.449E...1P,
       author = {{Pastorello}, A. and {Della Valle}, M. and {Smartt}, S.~J. and
        {Zampieri}, L. and {Benetti}, S. and {Cappellaro}, E. and
        {Mazzali}, P.~A. and {Patat}, F. and {Spiro}, S. and {Turatto},
        M. and {Valenti}, S.},
        title = "{A very faint core-collapse supernova in M85}",
      journal = {\nat},
     keywords = {Astrophysics},
         year = 2007,
        month = Oct,
       volume = {449},
        pages = {1-2},
          doi = {10.1038/nature06282},
archivePrefix = {arXiv},
       eprint = {0710.3753},
 primaryClass = {astro-ph},
       adsurl = {https://ui.adsabs.harvard.edu/\#abs/2007Natur.449E...1P},
      adsnote = {Provided by the SAO/NASA Astrophysics Data System}
}

@ARTICLE{2009ApJ...695L.154B,
       author = {{Bond}, Howard E. and {Bedin}, Luigi R. and {Bonanos}, Alceste Z. and
        {Humphreys}, Roberta M. and {Monard}, L.~A.~G. Berto and
        {Prieto}, Jos{\'e} L. and {Walter}, Frederick M.},
        title = "{The 2008 Luminous Optical Transient in the Nearby Galaxy NGC 300}",
      journal = {\apj},
     keywords = {galaxies: individual: NGC 300, galaxies: stellar content, stars: individual: NGC 300 OT, stars: variables: other, stars: winds, outflows, supernovae: general, Astrophysics - Solar and Stellar Astrophysics, Astrophysics - Cosmology and Extragalactic Astrophysics, Astrophysics - Galaxy Astrophysics},
         year = 2009,
        month = Apr,
       volume = {695},
        pages = {L154-L158},
          doi = {10.1088/0004-637X/695/2/L154},
archivePrefix = {arXiv},
       eprint = {0901.0198},
 primaryClass = {astro-ph.SR},
       adsurl = {https://ui.adsabs.harvard.edu/\#abs/2009ApJ...695L.154B},
      adsnote = {Provided by the SAO/NASA Astrophysics Data System}
}

@ARTICLE{2010MNRAS.403..474W,
       author = {{Wesson}, R. and {Barlow}, M.~J. and {Ercolano}, B. and {Andrews}, J.~E.
        and {Clayton}, Geoffrey C. and {Fabbri}, J. and {Gallagher},
        Joseph S. and {Meixner}, M. and {Sugerman}, B.~E.~K. and
        {Welch}, D.~L. and {Stock}, D.~J.},
        title = "{The destruction and survival of dust in the shell around SN2008S}",
      journal = {\mnras},
     keywords = {circumstellar matter, Supernovae: individual: SN2008S, Astrophysics - Astrophysics of Galaxies, Astrophysics - Solar and Stellar Astrophysics},
         year = 2010,
        month = Mar,
       volume = {403},
        pages = {474-482},
          doi = {10.1111/j.1365-2966.2009.15871.x},
archivePrefix = {arXiv},
       eprint = {0907.0246},
 primaryClass = {astro-ph.GA},
       adsurl = {https://ui.adsabs.harvard.edu/\#abs/2010MNRAS.403..474W},
      adsnote = {Provided by the SAO/NASA Astrophysics Data System}
}

@ARTICLE{2009ApJ...705.1425P,
       author = {{Prieto}, Jos{\'e} L. and {Sellgren}, Kris and {Thompson}, Todd A. and
        {Kochanek}, Christopher S.},
        title = "{A Spitzer/IRS Spectrum of the 2008 Luminous Transient in NGC 300: Connection to Proto-Planetary Nebulae}",
      journal = {\apj},
     keywords = {circumstellar matter, stars: AGB and post-AGB, stars: evolution, stars: winds, outflows, supernovae: individual: SN 2008S, Astrophysics - High Energy Astrophysical Phenomena, Astrophysics - Solar and Stellar Astrophysics},
         year = 2009,
        month = Nov,
       volume = {705},
        pages = {1425-1432},
          doi = {10.1088/0004-637X/705/2/1425},
archivePrefix = {arXiv},
       eprint = {0907.0230},
 primaryClass = {astro-ph.HE},
       adsurl = {https://ui.adsabs.harvard.edu/\#abs/2009ApJ...705.1425P},
      adsnote = {Provided by the SAO/NASA Astrophysics Data System}
}

@ARTICLE{2008ATel.1550....1P,
       author = {{Prieto}, Jose L.},
        title = "{Bright Infrared Progenitor of Luminous Transient in NGC300 implies Explosion of a Massive Star}",
      journal = {The Astronomer's Telegram},
     keywords = {Infra-Red, Transients},
         year = 2008,
        month = May,
       volume = {1550},
        pages = {1},
       adsurl = {https://ui.adsabs.harvard.edu/\#abs/2008ATel.1550....1P},
      adsnote = {Provided by the SAO/NASA Astrophysics Data System}
}

@ARTICLE{2016MNRAS.460.1645A,
   author = {{Adams}, S.~M. and {Kochanek}, C.~S. and {Prieto}, J.~L. and 
	{Dai}, X. and {Shappee}, B.~J. and {Stanek}, K.~Z.},
    title = "{Almost gone: SN 2008S and NGC 300 2008OT-1 are fainter than their progenitors}",
  journal = {\mnras},
archivePrefix = "arXiv",
   eprint = {1511.07393},
 primaryClass = "astro-ph.HE",
 keywords = {stars: AGB and post-AGB, stars: evolution, stars: mass-loss, supernovae: general, supernovae: individual: NGC 300 2008OT-1, supernovae: individual: SN 2008S},
     year = 2016,
    month = aug,
   volume = 460,
    pages = {1645-1657},
      doi = {10.1093/mnras/stw1059},
   adsurl = {http://adsabs.harvard.edu/abs/2016MNRAS.460.1645A},
  adsnote = {Provided by the SAO/NASA Astrophysics Data System}
}

@ARTICLE{2015A&A...580A..34K,
   author = {{Kami{\'n}ski}, T. and {Mason}, E. and {Tylenda}, R. and {Schmidt}, M.~R.
	},
    title = "{Post-outburst spectra of a stellar-merger remnant of V1309 Scorpii: from a twin of V838 Monocerotis to a clone of V4332 Sagittarii}",
  journal = {\aap},
archivePrefix = "arXiv",
   eprint = {1504.03421},
 primaryClass = "astro-ph.SR",
 keywords = {astrochemistry, line: identification, binaries: general, circumstellar matter, stars: individual: V1309 Scorpii, stars: peculiar},
     year = 2015,
    month = aug,
   volume = 580,
      eid = {A34},
    pages = {A34},
      doi = {10.1051/0004-6361/201526212},
   adsurl = {http://adsabs.harvard.edu/abs/2015A%26A...580A..34K},
  adsnote = {Provided by the SAO/NASA Astrophysics Data System}
}

@ARTICLE{2014MNRAS.443.1319K,
   author = {{Kochanek}, C.~S. and {Adams}, S.~M. and {Belczynski}, K.},
    title = "{Stellar mergers are common}",
  journal = {\mnras},
archivePrefix = "arXiv",
   eprint = {1405.1042},
 primaryClass = "astro-ph.SR",
 keywords = {stars: individual: M85 OT2006-1, stars: individual: M31 RV, stars: individual: V838 Mon, stars: individual: V1309 Sco, stars: individual: V4332 Sgr, stars: individual: OGLE 2002-BLG-360},
     year = 2014,
    month = sep,
   volume = 443,
    pages = {1319-1328},
      doi = {10.1093/mnras/stu1226},
   adsurl = {http://adsabs.harvard.edu/abs/2014MNRAS.443.1319K},
  adsnote = {Provided by the SAO/NASA Astrophysics Data System}
}


@ARTICLE{2009PASP..121.1395L,
       author = {{Law}, Nicholas M. and {Kulkarni}, Shrinivas R. and {Dekany}, Richard G.
        and {Ofek}, Eran O. and {Quimby}, Robert M. and {Nugent}, Peter
        E. and {Surace}, Jason and {Grillmair}, Carl C. and {Bloom},
        Joshua S. and {Kasliwal}, Mansi M. and {Bildsten}, Lars and
        {Brown}, Tim and {Cenko}, S. Bradley and {Ciardi}, David and
        {Croner}, Ernest and {Djorgovski}, S. George and {van Eyken},
        Julian and {Filippenko}, Alexei V. and {Fox}, Derek B. and {Gal-
        Yam}, Avishay and {Hale}, David and {Hamam}, Nouhad and {Helou},
        George and {Henning}, John and {Howell}, D. Andrew and
        {Jacobsen}, Janet and {Laher}, Russ and {Mattingly}, Sean and
        {McKenna}, Dan and {Pickles}, Andrew and {Poznanski}, Dovi and
        {Rahmer}, Gustavo and {Rau}, Arne and {Rosing}, Wayne and
        {Shara}, Michael and {Smith}, Roger and {Starr}, Dan and
        {Sullivan}, Mark and {Velur}, Viswa and {Walters}, Richard and
        {Zolkower}, Jeff},
        title = "{The Palomar Transient Factory: System Overview, Performance, and First Results}",
      journal = {Publications of the Astronomical Society of the Pacific},
     keywords = {Astrophysics - Instrumentation and Methods for Astrophysics, Astrophysics - Cosmology and Nongalactic Astrophysics},
         year = 2009,
        month = Dec,
       volume = {121},
        pages = {1395},
          doi = {10.1086/648598},
archivePrefix = {arXiv},
       eprint = {0906.5350},
 primaryClass = {astro-ph.IM},
       adsurl = {https://ui.adsabs.harvard.edu/\#abs/2009PASP..121.1395L},
      adsnote = {Provided by the SAO/NASA Astrophysics Data System}
}

@INPROCEEDINGS{2014htu..conf...27B,
       author = {{Bellm}, E.},
        title = "{The Zwicky Transient Facility}",
     keywords = {Astrophysics - Instrumentation and Methods for Astrophysics},
    booktitle = {The Third Hot-wiring the Transient Universe Workshop},
         year = 2014,
       editor = {{Wozniak}, P.~R. and {Graham}, M.~J. and {Mahabal}, A.~A. and {Seaman},
        R.},
        month = Jan,
        pages = {27-33},
archivePrefix = {arXiv},
       eprint = {1410.8185},
 primaryClass = {astro-ph.IM},
       adsurl = {https://ui.adsabs.harvard.edu/\#abs/2014htu..conf...27B},
      adsnote = {Provided by the SAO/NASA Astrophysics Data System}
}

@ARTICLE{2013ATel.4807....1K,
       author = {{Kulkarni}, S.~R.},
        title = "{The intermediate Palomar Transient Factory (iPTF) begins}",
      journal = {The Astronomer's Telegram},
     keywords = {Radio, Infra-Red, Optical, Ultra-Violet, X-ray, Nova, Supernovae, Transient, Variables},
         year = 2013,
        month = Feb,
       volume = {4807},
        pages = {1},
       adsurl = {https://ui.adsabs.harvard.edu/\#abs/2013ATel.4807....1K},
      adsnote = {Provided by the SAO/NASA Astrophysics Data System}
}

@ARTICLE{2017ApJ...848...59M,
       author = {{Miller}, A.~A. and {Kasliwal}, M.~M. and {Cao}, Y. and {Adams}, S.~M.
        and {Goobar}, A. and {Kne{\v{z}}evi{\'c}}, S. and {Laher}, R.~R.
        and {Lunnan}, R. and {Masci}, F.~J. and {Nugent}, P.~E. and
        {Perley}, D.~A. and {Petrushevska}, T. and {Quimby}, R.~M. and
        {Rebbapragada}, U.~D. and {Sollerman}, J. and {Taddia}, F. and
        {Kulkarni}, S.~R.},
        title = "{Color Me Intrigued: The Discovery of iPTF 16fnm, an SN 2002cx-like Object}",
      journal = {\apj},
     keywords = {methods: observational, surveys, supernovae: general, supernovae: individual: SN 2002cx, SN 2005hk, iPTF 16fnm, Astrophysics - High Energy Astrophysical Phenomena, Astrophysics - Solar and Stellar Astrophysics},
         year = 2017,
        month = Oct,
       volume = {848},
          eid = {59},
        pages = {59},
          doi = {10.3847/1538-4357/aa8c7e},
archivePrefix = {arXiv},
       eprint = {1703.07449},
 primaryClass = {astro-ph.HE},
       adsurl = {https://ui.adsabs.harvard.edu/\#abs/2017ApJ...848...59M},
      adsnote = {Provided by the SAO/NASA Astrophysics Data System}
}

@ARTICLE{2017ApJ...834..107B,
       author = {{Blagorodnova}, N. and {Kotak}, R. and {Polshaw}, J. and {Kasliwal},
        M.~M. and {Cao}, Y. and {Cody}, A.~M. and {Doran}, G.~B. and
        {Elias-Rosa}, N. and {Fraser}, M. and {Fremling}, C. and
        {Gonzalez-Fernandez}, C. and {Harmanen}, J. and {Jencson}, J.
        and {Kankare}, E. and {Kudritzki}, R. -P. and {Kulkarni}, S.~R.
        and {Magnier}, E. and {Manulis}, I. and {Masci}, F.~J. and
        {Mattila}, S. and {Nugent}, P. and {Ochner}, P. and
        {Pastorello}, A. and {Reynolds}, T. and {Smith}, K. and
        {Sollerman}, J. and {Taddia}, F. and {Terreran}, G. and
        {Tomasella}, L. and {Turatto}, M. and {Vreeswijk}, P.~M. and
        {Wozniak}, P. and {Zaggia}, S.},
        title = "{Common Envelope Ejection for a Luminous Red Nova in M101}",
      journal = {\apj},
     keywords = {binaries: close, novae, cataclysmic variables, stars: individual: M101 OT2015-1, PSN J14021678+5426205, stars: massive, stars: winds, outflows, Astrophysics - Solar and Stellar Astrophysics},
         year = 2017,
        month = Jan,
       volume = {834},
          eid = {107},
        pages = {107},
          doi = {10.3847/1538-4357/834/2/107},
archivePrefix = {arXiv},
       eprint = {1607.08248},
 primaryClass = {astro-ph.SR},
       adsurl = {https://ui.adsabs.harvard.edu/\#abs/2017ApJ...834..107B},
      adsnote = {Provided by the SAO/NASA Astrophysics Data System}
}

@INPROCEEDINGS{2007ASPC..363..280S,
       author = {{Soker}, N. and {Tylenda}, R.},
        title = "{Modelling V838 Monocerotis as a Mergeburst Object}",
     keywords = {Astrophysics},
    booktitle = {The Nature of V838 Mon and its Light Echo},
         year = "2007",
       editor = {{Corradi}, Romano L.~M. and {Munari}, Ulisse},
       series = {Astronomical Society of the Pacific Conference Series},
       volume = {363},
        month = "Apr",
        pages = {280},
archivePrefix = {arXiv},
       eprint = {astro-ph/0606371},
 primaryClass = {astro-ph},
       adsurl = {https://ui.adsabs.harvard.edu/\#abs/2007ASPC..363..280S},
      adsnote = {Provided by the SAO/NASA Astrophysics Data System}
}

@ARTICLE{2005A&A...434.1107M,
       author = {{Munari}, U. and {Henden}, A. and {Vallenari}, A. and {Bond}, H.~E. and
         {Corradi}, R.~L.~M. and {Crause}, L. and {Desidera}, S. and {Giro}, E. and
         {Marrese}, P.~M. and {Ragaini}, S. and {Siviero}, A. and {Sordo}, R. and
         {Starrfield}, S. and {Tomov}, T. and {Villanova}, S. and {Zwitter}, T. and
         {Wagner}, R.~M.},
        title = "{On the distance, reddening and progenitor of V838 Mon}",
      journal = {\aap},
     keywords = {stars: evolution, stars: early-type, stars: individual:, V838 Mon, stars: winds, outflows, ISM: lines and bands, stars: peculiar, Astrophysics},
         year = "2005",
        month = "May",
       volume = {434},
        pages = {1107-1116},
          doi = {10.1051/0004-6361:20041751},
archivePrefix = {arXiv},
       eprint = {astro-ph/0501604},
 primaryClass = {astro-ph},
       adsurl = {https://ui.adsabs.harvard.edu/\#abs/2005A&A...434.1107M},
      adsnote = {Provided by the SAO/NASA Astrophysics Data System}
}

@ARTICLE{2006CBET..780....1M,
       author = {{Munari}, U. and {Corradi}, R.~L.~M. and {Henden}, A. and {de}, I.~G. and
         {Vazdekis}, A.},
        title = "{V838 Monocerotis}",
      journal = {Central Bureau Electronic Telegrams},
         year = "2006",
        month = "Dec",
       volume = {780},
        pages = {1},
       adsurl = {https://ui.adsabs.harvard.edu/\#abs/2006CBET..780....1M},
      adsnote = {Provided by the SAO/NASA Astrophysics Data System}
}

@PROCEEDINGS{2007ASPC..363.....C,
    title = "{The Nature of V838 Mon and its Light Echo}",
booktitle = {The Nature of V838 Mon and its Light Echo},
     year = 2007,
   series = {Astronomical Society of the Pacific Conference Series},
   volume = 363,
   editor = {{Corradi}, R.~L.~M. and {Munari}, U.},
    month = apr,
   adsurl = {http://adsabs.harvard.edu/abs/2007ASPC..363.....C},
  adsnote = {Provided by the SAO/NASA Astrophysics Data System}
}

@INPROCEEDINGS{2007ASPC..363..161H,
   author = {{Henden}, A.~A.},
    title = "{USNOFS Observations of the Light Echo Evolution}",
booktitle = {The Nature of V838 Mon and its Light Echo},
     year = 2007,
   series = {Astronomical Society of the Pacific Conference Series},
   volume = 363,
   editor = {{Corradi}, R.~L.~M. and {Munari}, U.},
    month = apr,
    pages = {161},
   adsurl = {http://adsabs.harvard.edu/abs/2007ASPC..363..161H},
  adsnote = {Provided by the SAO/NASA Astrophysics Data System}
}

@INPROCEEDINGS{2007ASPC..363...13M,
   author = {{Munari}, U. and {Navasardyan}, H. and {Villanova}, S.},
    title = "{The Spectral Evolution of V838 Mon}",
booktitle = {The Nature of V838 Mon and its Light Echo},
     year = 2007,
   series = {Astronomical Society of the Pacific Conference Series},
   volume = 363,
   editor = {{Corradi}, R.~L.~M. and {Munari}, U.},
    month = apr,
    pages = {13},
   adsurl = {http://adsabs.harvard.edu/abs/2007ASPC..363...13M},
  adsnote = {Provided by the SAO/NASA Astrophysics Data System}
}

@BOOK{2018ASSL..454.....S,
  PROCEEDINGS = {Original entry replaced with BOOK and added author},
       author = {{Shakura}, Nikolay},
        title = "{Accretion Flows in Astrophysics}",
     keywords = {Physics},
    booktitle = {Astrophysics and Space Science Library},
         year = "2018",
       series = {Astrophysics and Space Science Library},
       volume = {454},
        month = "Jan",
          doi = {10.1007/978-3-319-93009-1},
       adsurl = {https://ui.adsabs.harvard.edu/\#abs/2018ASSL..454.....S},
      adsnote = {Provided by the SAO/NASA Astrophysics Data System}
}

@ARTICLE{2018ATel11733....1G,
   author = {{Goranskij}, V.~P. and {Zharova}, A.~V. and {Barsukova}, E.~A. and 
	{Valeev}, A.~F.},
    title = "{Rapid re-brightening of the red nova V4332 Sgr remnant}",
  journal = {The Astronomer's Telegram},
 keywords = {Nova},
     year = 2018,
    month = jun,
   volume = 11733,
   adsurl = {http://adsabs.harvard.edu/abs/2018ATel11733....1G},
  adsnote = {Provided by the SAO/NASA Astrophysics Data System}
}

@ARTICLE{2005ApJ...622L.137L,
       author = {{Lane}, B.~F. and {Retter}, A. and {Thompson}, R.~R. and {Eisner}, J.~A.},
        title = "{Interferometric Observations of V838 Monocerotis}",
      journal = {\apj},
     keywords = {Stars: Individual: Constellation Name: V838 Monocerotis, Techniques: Interferometric, Astrophysics},
         year = "2005",
        month = "Apr",
       volume = {622},
        pages = {L137-L140},
          doi = {10.1086/429619},
archivePrefix = {arXiv},
       eprint = {astro-ph/0502293},
 primaryClass = {astro-ph},
       adsurl = {https://ui.adsabs.harvard.edu/\#abs/2005ApJ...622L.137L},
      adsnote = {Provided by the SAO/NASA Astrophysics Data System}
}

@INPROCEEDINGS{2007ASPC..363..225P,
   author = {{Pavlenko}, Y. and {Kaminsky}, B. and {Lyubchik}, Y. and {Yakovina}, L.
	},
    title = "{Modelling the Spectrum and SED of V838 Mon}",
booktitle = {The Nature of V838 Mon and its Light Echo},
     year = 2007,
   series = {Astronomical Society of the Pacific Conference Series},
   volume = 363,
   eprint = {astro-ph/0609604},
   editor = {{Corradi}, R.~L.~M. and {Munari}, U.},
    month = apr,
    pages = {225},
   adsurl = {http://adsabs.harvard.edu/abs/2007ASPC..363..225P},
  adsnote = {Provided by the SAO/NASA Astrophysics Data System}
}

@ARTICLE{2010ApJ...723..602K,
       author = {{Kashi}, Amit and {Soker}, Noam},
        title = "{Periastron Passage Triggering of the 19th Century Eruptions of Eta Carinae}",
      journal = {\apj},
     keywords = {binaries: general, stars: individual: eta Car, stars: mass-loss, stars: winds, outflows-, Astrophysics - Solar and Stellar Astrophysics},
         year = "2010",
        month = "Nov",
       volume = {723},
        pages = {602-611},
          doi = {10.1088/0004-637X/723/1/602},
archivePrefix = {arXiv},
       eprint = {0912.1439},
 primaryClass = {astro-ph.SR},
       adsurl = {https://ui.adsabs.harvard.edu/\#abs/2010ApJ...723..602K},
      adsnote = {Provided by the SAO/NASA Astrophysics Data System}
}

@ARTICLE{2019arXiv190100871J,
       author = {{Jencson}, Jacob E. and {Kasliwal}, Mansi M. and {Adams}, Scott M. and
         {Bond}, Howard E. and {De}, Kishalay and {Johansson}, Joel and
         {Karambelkar}, Viraj and {Lau}, Ryan M. and {Tinyanont}, Samaporn and
         {Ryder}, Stuart D. and {Cody}, Ann Marie and {Masci}, Frank J. and
         {Bally}, John and {Blagorodnova}, Nadia and {Castell{\'o}n}, Sergio and
         {Fremling}, Christoffer and {Gehrz}, Robert D. and {Helou}, George and
         {Kilpatrick}, Charles D. and {Milne}, Peter A. and {Morrell}, Nidia and
         {Perley}, Daniel A. and {Phillips}, Mark and {Smith}, Nathan and
         {van Dyk}, Schuyler D. and {Williams}, Robert E.},
        title = "{The SPIRITS sample of Luminous Infrared Transients: Uncovering Hidden Supernovae and Dusty Stellar Outbursts in Nearby Galaxies}",
      journal = {arXiv e-prints},
     keywords = {Astrophysics - High Energy Astrophysical Phenomena, Astrophysics - Astrophysics of Galaxies},
         year = "2019",
        month = "Jan",
          eid = {arXiv:1901.00871},
        pages = {arXiv:1901.00871},
archivePrefix = {arXiv},
       eprint = {1901.00871},
 primaryClass = {astro-ph.HE},
       adsurl = {https://ui.adsabs.harvard.edu/\#abs/2019arXiv190100871J},
      adsnote = {Provided by the SAO/NASA Astrophysics Data System}
}

@ARTICLE{2019arXiv190203931S,
       author = {{Shiber}, Sagiv and {Iaconi}, Roberto and {De Marco}, Orsola and
         {Soker}, Noam},
        title = "{Companion-launched jets and their effect on the dynamics of common envelope interaction simulations}",
      journal = {arXiv e-prints},
     keywords = {Astrophysics - Solar and Stellar Astrophysics},
         year = "2019",
        month = "Feb",
          eid = {arXiv:1902.03931},
        pages = {arXiv:1902.03931},
archivePrefix = {arXiv},
       eprint = {1902.03931},
 primaryClass = {astro-ph.SR},
       adsurl = {https://ui.adsabs.harvard.edu/\#abs/2019arXiv190203931S},
      adsnote = {Provided by the SAO/NASA Astrophysics Data System}
}

@ARTICLE{2013A&ARv..21...59I,
       author = {{Ivanova}, N. and {Justham}, S. and {Chen}, X. and {De Marco}, O. and
         {Fryer}, C.~L. and {Gaburov}, E. and {Ge}, H. and {Glebbeek}, E. and
         {Han}, Z. and {Li}, X. -D. and {Lu}, G. and {Marsh}, T. and
         {Podsiadlowski}, P. and {Potter}, A. and {Soker}, N. and {Taam}, R. and
         {Tauris}, T.~M. and {van den Heuvel}, E.~P.~J. and {Webbink}, R.~F.},
        title = "{Common envelope evolution: where we stand and how we can move forward}",
      journal = {Astronomy and Astrophysics Review},
     keywords = {Close binaries, Stellar structure, interiors, evolution, Hydrodynamics, Astrophysics - High Energy Astrophysical Phenomena, Astrophysics - Solar and Stellar Astrophysics},
         year = "2013",
        month = "Feb",
       volume = {21},
          eid = {59},
        pages = {59},
          doi = {10.1007/s00159-013-0059-2},
archivePrefix = {arXiv},
       eprint = {1209.4302},
 primaryClass = {astro-ph.HE},
       adsurl = {https://ui.adsabs.harvard.edu/\#abs/2013A&ARv..21...59I},
      adsnote = {Provided by the SAO/NASA Astrophysics Data System}
}

@ARTICLE{2018A&A...617A.129K,
       author = {{Kami{\'n}ski}, T. and {Steffen}, W. and {Tylenda}, R. and
         {Young}, K.~H. and {Patel}, N.~A. and {Menten}, K.~M.},
        title = "{Submillimeter-wave emission of three Galactic red novae: cool molecular outflows produced by stellar mergers}",
      journal = {\aap},
     keywords = {stars: mass-loss, stars: individual: V1309 Sco, stars: individual: V4332 Sgr, stars: individual: V838 Mon, circumstellar matter, submillimeter: stars, astrochemistry, Astrophysics - Solar and Stellar Astrophysics},
         year = "2018",
        month = "Oct",
       volume = {617},
          eid = {A129},
        pages = {A129},
          doi = {10.1051/0004-6361/201833165},
archivePrefix = {arXiv},
       eprint = {1804.01610},
 primaryClass = {astro-ph.SR},
       adsurl = {https://ui.adsabs.harvard.edu/\#abs/2018A&A...617A.129K},
      adsnote = {Provided by the SAO/NASA Astrophysics Data System}
}

@ARTICLE{2018ApJ...868..136M,
       author = {{MacLeod}, Morgan and {Ostriker}, Eve C. and {Stone}, James M.},
        title = "{Bound Outflows, Unbound Ejecta, and the Shaping of Bipolar Remnants during Stellar Coalescence}",
      journal = {\apj},
     keywords = {binaries: close, hydrodynamics, methods: numerical, Astrophysics - Solar and Stellar Astrophysics, Astrophysics - High Energy Astrophysical Phenomena},
         year = "2018",
        month = "Dec",
       volume = {868},
          eid = {136},
        pages = {136},
          doi = {10.3847/1538-4357/aae9eb},
archivePrefix = {arXiv},
       eprint = {1808.05950},
 primaryClass = {astro-ph.SR},
       adsurl = {https://ui.adsabs.harvard.edu/\#abs/2018ApJ...868..136M},
      adsnote = {Provided by the SAO/NASA Astrophysics Data System}
}

@ARTICLE{2015ARA&A..53..365N,
       author = {{Netzer}, Hagai},
        title = "{Revisiting the Unified Model of Active Galactic Nuclei}",
      journal = {Annual Review of Astronomy and Astrophysics},
     keywords = {Astrophysics - Astrophysics of Galaxies},
         year = "2015",
        month = "Aug",
       volume = {53},
        pages = {365-408},
          doi = {10.1146/annurev-astro-082214-122302},
archivePrefix = {arXiv},
       eprint = {1505.00811},
 primaryClass = {astro-ph.GA},
       adsurl = {https://ui.adsabs.harvard.edu/\#abs/2015ARA&A..53..365N},
      adsnote = {Provided by the SAO/NASA Astrophysics Data System}
}

