@comment{You may put a comment in a 'comment' command.}

@fake-entry{fake-database-key,
	Never-To-Be-Used-Field = {Even if this were a real entry,   I could still have a comment inside an entry   by making up a fake field}}

@ARTICLE{2006A&A...451..223T,
   author = {{Tylenda}, R. and {Soker}, N.},
    title = "{Eruptions of the V838 Mon type: stellar merger versus nuclear outburst models}",
  journal = {\aap},
   eprint = {astro-ph/0509379},
 keywords = {stars: supergiants, stars: binaries: general, stars: pre-main sequence, stars: mass loss, stars: variables: general, stars: general},
     year = 2006,
    month = may,
   volume = 451,
    pages = {223-236},
      doi = {10.1051/0004-6361:20054201},
   adsurl = {http://adsabs.harvard.edu/abs/2006A%26A...451..223T},
  adsnote = {Provided by the SAO/NASA Astrophysics Data System}
}

@ARTICLE{2010ApJ...709L..11K,
   author = {{Kashi}, A. and {Frankowski}, A. and {Soker}, N.},
    title = "{NGC 300 OT2008-1 as a Scaled-down Version of the Eta Carinae Great Eruption}",
  journal = {\apjl},
archivePrefix = "arXiv",
   eprint = {0909.1909},
 primaryClass = "astro-ph.SR",
 keywords = {stars: individual: NGC 300 OT, stars: mass-loss, stars: variables: general, stars: winds, outflows, supernovae: general},
     year = 2010,
    month = jan,
   volume = 709,
    pages = {L11-L15},
      doi = {10.1088/2041-8205/709/1/L11},
   adsurl = {http://adsabs.harvard.edu/abs/2010ApJ...709L..11K},
  adsnote = {Provided by the SAO/NASA Astrophysics Data System}
}

@ARTICLE{2016ApJ...817...66K,
   author = {{Kashi}, A. and {Davidson}, K. and {Humphreys}, R.~M.},
    title = "{Recovery from Giant Eruptions in Very Massive Stars}",
  journal = {\apj},
archivePrefix = "arXiv",
   eprint = {1510.06428},
 primaryClass = "astro-ph.SR",
 keywords = {hydrodynamics, methods: numerical, stars: evolution, stars: mass-loss, stars: variables: general, stars: winds, outflows},
     year = 2016,
    month = jan,
   volume = 817,
      eid = {66},
    pages = {66},
      doi = {10.3847/0004-637X/817/1/66},
   adsurl = {http://adsabs.harvard.edu/abs/2016ApJ...817...66K},
  adsnote = {Provided by the SAO/NASA Astrophysics Data System}
}

@ARTICLE{2016RAA....16...99K,
   author = {{Kashi}, A. and {Soker}, N.},
    title = "{Operation of the jet feedback mechanism (JFM) in intermediate luminosity optical transients (ILOTs)}",
  journal = {Research in Astronomy and Astrophysics},
archivePrefix = "arXiv",
   eprint = {1508.00004},
 primaryClass = "astro-ph.SR",
     year = 2016,
    month = jun,
   volume = 16,
      eid = {99},
    pages = {99},
      doi = {10.1088/1674-4527/16/6/099},
   adsurl = {http://adsabs.harvard.edu/abs/2016RAA....16...99K},
  adsnote = {Provided by the SAO/NASA Astrophysics Data System}
}

@ARTICLE{2002IAUC.7785....1B,
   author = {{Brown}, N.~J. and {Waagen}, E.~O. and {Scovil}, C. and {Nelson}, P. and 
	{Oksanen}, A. and {Solonen}, J. and {Price}, A.},
    title = "{Peculiar variable in Monoceros.}",
  journal = {\iaucirc},
     year = 2002,
    month = jan,
   volume = 7785,
   adsurl = {http://adsabs.harvard.edu/abs/2002IAUC.7785....1B},
  adsnote = {Provided by the SAO/NASA Astrophysics Data System}
}

@ARTICLE{1989ApJ...341L..51R,
   author = {{Rich}, R.~M. and {Mould}, J. and {Picard}, A. and {Frogel}, J.~A. and 
	{Davies}, R.},
    title = "{Luminous M giants in the bulge of M31}",
  journal = {\apjl},
 keywords = {Andromeda Galaxy, Galactic Bulge, M Stars, Red Giant Stars, Stellar Luminosity, Astronomical Spectroscopy, Milky Way Galaxy, Stellar Spectra, Supergiant Stars},
     year = 1989,
    month = jun,
   volume = 341,
    pages = {L51-L54},
      doi = {10.1086/185455},
   adsurl = {http://adsabs.harvard.edu/abs/1989ApJ...341L..51R},
  adsnote = {Provided by the SAO/NASA Astrophysics Data System}
}

@ARTICLE{1994IAUC.5942....1H,
   author = {{Hayashi}, S.~S. and {Yamamoto}, M. and {Hirosawa}, K.},
    title = "{Nova Sagittarii 1994}",
  journal = {\iaucirc},
     year = 1994,
    month = feb,
   volume = 5942,
   adsurl = {http://adsabs.harvard.edu/abs/1994IAUC.5942....1H},
  adsnote = {Provided by the SAO/NASA Astrophysics Data System}
}

@ARTICLE{2003ApJ...582L.105S,
   author = {{Soker}, N. and {Tylenda}, R.},
    title = "{Main-Sequence Stellar Eruption Model for V838 Monocerotis}",
  journal = {\apjl},
   eprint = {astro-ph/0210463},
 keywords = {Stars: Binaries: Close, Stars: Horizontal-Branch, Stars: Individual: Alphanumeric: M31 RV, Stars: Individual: Constellation Name: V838 Monocerotis, Stars: Individual: Constellation Name: V4332 Sagittarii, Stars: Mass Loss},
     year = 2003,
    month = jan,
   volume = 582,
    pages = {L105-L108},
      doi = {10.1086/367759},
   adsurl = {http://adsabs.harvard.edu/abs/2003ApJ...582L.105S},
  adsnote = {Provided by the SAO/NASA Astrophysics Data System}
}

@ARTICLE{1990ApJ...353L..35M,
   author = {{Mould}, J. and {Cohen}, J. and {Graham}, J.~R. and {Hamilton}, D. and 
	{Matthews}, K. and {Picard}, A. and {Reid}, N. and {Schmidt}, M. and 
	{Soifer}, T. and {Wilson}, C. and {Rich}, R.~M. and {Gunn}, J.
	},
    title = "{A nova-like red variable in M31}",
  journal = {\apjl},
 keywords = {Andromeda Galaxy, Late Stars, Novae, Red Giant Stars, Supergiant Stars, Variable Stars, Bolometers, M Stars, Stellar Magnitude, Stellar Spectra},
     year = 1990,
    month = apr,
   volume = 353,
    pages = {L35-L37},
      doi = {10.1086/185702},
   adsurl = {http://adsabs.harvard.edu/abs/1990ApJ...353L..35M},
  adsnote = {Provided by the SAO/NASA Astrophysics Data System}
}

@ARTICLE{2005A&A...436.1009T,
   author = {{Tylenda}, R.},
    title = "{Evolution of V838 Monocerotis during and after the 2002 eruption}",
  journal = {\aap},
   eprint = {astro-ph/0502060},
 keywords = {stars: variables: general, stars: fundamental parameters, stars: winds, outflows, stars: individual: V838 Mon},
     year = 2005,
    month = jun,
   volume = 436,
    pages = {1009-1020},
      doi = {10.1051/0004-6361:20052800},
   adsurl = {http://adsabs.harvard.edu/abs/2005A%26A...436.1009T},
  adsnote = {Provided by the SAO/NASA Astrophysics Data System}
}

@ARTICLE{1999AJ....118.1034M,
   author = {{Martini}, P. and {Wagner}, R.~M. and {Tomaney}, A. and {Rich}, R.~M. and 
	{della Valle}, M. and {Hauschildt}, P.~H.},
    title = "{Nova Sagittarii 1994 1 (V4332 Sagittarii): The Discovery and Evolution of an Unusual Luminous Red Variable Star}",
  journal = {\aj},
   eprint = {astro-ph/9905016},
 keywords = {STARS: EVOLUTION, STARS: PECULIAR, STARS: VARIABLES: OTHER},
     year = 1999,
    month = aug,
   volume = 118,
    pages = {1034-1042},
      doi = {10.1086/300951},
   adsurl = {http://adsabs.harvard.edu/abs/1999AJ....118.1034M},
  adsnote = {Provided by the SAO/NASA Astrophysics Data System}
}

@ARTICLE{2005A&A...439..651T,
   author = {{Tylenda}, R. and {Crause}, L.~A. and {G{\'o}rny}, S.~K. and 
	{Schmidt}, M.~R.},
    title = "{V4332 Sagittarii revisited}",
  journal = {\aap},
   eprint = {astro-ph/0412205},
 keywords = {stars: variables: general, stars: circumstellar matter, stars: fundamental parameters, stars: individual: V4332 Sgr, V838 Mon},
     year = 2005,
    month = aug,
   volume = 439,
    pages = {651-661},
      doi = {10.1051/0004-6361:20041581},
   adsurl = {http://adsabs.harvard.edu/abs/2005A%26A...439..651T},
  adsnote = {Provided by the SAO/NASA Astrophysics Data System}
}

@ARTICLE{2002A&A...389L..51M,
   author = {{Munari}, U. and {Henden}, A. and {Kiyota}, S. and {Laney}, D. and 
	{Marang}, F. and {Zwitter}, T. and {Corradi}, R.~L.~M. and {Desidera}, S. and 
	{Marrese}, P.~M. and {Giro}, E. and {Boschi}, F. and {Schwartz}, M.~B.
	},
    title = "{The mysterious eruption of V838 Mon}",
  journal = {\aap},
   eprint = {astro-ph/0205288},
 keywords = {stars: supergiants, stars: novae, stars: individual: V838 Mon, stars: mass-loss, ISM: jets and outflows},
     year = 2002,
    month = jul,
   volume = 389,
    pages = {L51-L56},
      doi = {10.1051/0004-6361:20020715},
   adsurl = {http://adsabs.harvard.edu/abs/2002A%26A...389L..51M},
  adsnote = {Provided by the SAO/NASA Astrophysics Data System}
}

@ARTICLE{2002astro.ph.11380K,
   author = {{Kolev}, D. and {Mikolajewski}, M. and {Tomov}, T. and {Iliev}, I. and 
	{Osiwala}, J. and {Nirski}, J. and {Galan}, C.},
    title = "{Peculiar outburst of the newly revealed variable star V838 Mon}",
  journal = {ArXiv Astrophysics e-prints},
   eprint = {astro-ph/0211380},
 keywords = {Astrophysics},
     year = 2002,
    month = nov,
   adsurl = {http://adsabs.harvard.edu/abs/2002astro.ph.11380K},
  adsnote = {Provided by the SAO/NASA Astrophysics Data System}
}

@ARTICLE{2003MNRAS.341..785C,
   author = {{Crause}, L.~A. and {Lawson}, W.~A. and {Kilkenny}, D. and {van Wyk}, F. and 
	{Marang}, F. and {Jones}, A.~F.},
    title = "{The post-outburst photometric behaviour of V838 Mon}",
  journal = {\mnras},
   eprint = {astro-ph/0301423},
 keywords = {stars: individual: V838 Mon, stars: variables: other, stars: winds, outflows},
     year = 2003,
    month = may,
   volume = 341,
    pages = {785-791},
      doi = {10.1046/j.1365-8711.2003.06441.x},
   adsurl = {http://adsabs.harvard.edu/abs/2003MNRAS.341..785C},
  adsnote = {Provided by the SAO/NASA Astrophysics Data System}
}

@ARTICLE{2004A&A...416.1107K,
   author = {{Kipper}, T. and {Klochkova}, V.~G. and {Annuk}, K. and {Hirv}, A. and 
	{Kolka}, I. and {Leedj{\"a}rv}, L. and {Puss}, A. and {Skoda}, P. and 
	{Slechta}, M.},
    title = "{The peculiar variable <ASTROBJ>V838 Monocerotis</ASTROBJ>}",
  journal = {\aap},
 keywords = {stars: variables: general, stars: novae, cataclysmic variables, stars: individual: V838 Mon},
     year = 2004,
    month = mar,
   volume = 416,
    pages = {1107-1115},
      doi = {10.1051/0004-6361:20031385},
   adsurl = {http://adsabs.harvard.edu/abs/2004A%26A...416.1107K},
  adsnote = {Provided by the SAO/NASA Astrophysics Data System}
}

@ARTICLE{1999AJ....118.1034M,
   author = {{Martini}, P. and {Wagner}, R.~M. and {Tomaney}, A. and {Rich}, R.~M. and 
	{della Valle}, M. and {Hauschildt}, P.~H.},
    title = "{Nova Sagittarii 1994 1 (V4332 Sagittarii): The Discovery and Evolution of an Unusual Luminous Red Variable Star}",
  journal = {\aj},
   eprint = {astro-ph/9905016},
 keywords = {STARS: EVOLUTION, STARS: PECULIAR, STARS: VARIABLES: OTHER},
     year = 1999,
    month = aug,
   volume = 118,
    pages = {1034-1042},
      doi = {10.1086/300951},
   adsurl = {http://adsabs.harvard.edu/abs/1999AJ....118.1034M},
  adsnote = {Provided by the SAO/NASA Astrophysics Data System}
}

@ARTICLE{1990ApJ...353L..35M,
   author = {{Mould}, J. and {Cohen}, J. and {Graham}, J.~R. and {Hamilton}, D. and 
	{Matthews}, K. and {Picard}, A. and {Reid}, N. and {Schmidt}, M. and 
	{Soifer}, T. and {Wilson}, C. and {Rich}, R.~M. and {Gunn}, J.
	},
    title = "{A nova-like red variable in M31}",
  journal = {\apjl},
 keywords = {Andromeda Galaxy, Late Stars, Novae, Red Giant Stars, Supergiant Stars, Variable Stars, Bolometers, M Stars, Stellar Magnitude, Stellar Spectra},
     year = 1990,
    month = apr,
   volume = 353,
    pages = {L35-L37},
      doi = {10.1086/185702},
   adsurl = {http://adsabs.harvard.edu/abs/1990ApJ...353L..35M},
  adsnote = {Provided by the SAO/NASA Astrophysics Data System}
}

@ARTICLE{1992ApJ...389..369I,
   author = {{Iben}, Jr., I. and {Tutukov}, A.~V.},
    title = "{Rare thermonuclear explosions in short-period cataclysmic variables, with possible application to the nova-like red variable in the Galaxy M31}",
  journal = {\apj},
 keywords = {Andromeda Galaxy, Binary Stars, Cataclysmic Variables, Novae, Stellar Mass Accretion, Thermonuclear Explosions, Milky Way Galaxy, Roche Limit, Stellar Luminosity, White Dwarf Stars},
     year = 1992,
    month = apr,
   volume = 389,
    pages = {369-374},
      doi = {10.1086/171211},
   adsurl = {http://adsabs.harvard.edu/abs/1992ApJ...389..369I},
  adsnote = {Provided by the SAO/NASA Astrophysics Data System}
}

@ARTICLE{2005MNRAS.359..624R,
   author = {{Rushton}, M.~T. and {Geballe}, T.~R. and {Evans}, A. and {Smalley}, B. and 
	{van Loon}, J.~T. and {Eyres}, S.~P.~S.},
    title = "{Infall and SiO emission in V838 Mon}",
  journal = {\mnras},
   eprint = {astro-ph/0502410},
 keywords = {stars: individual: V838 Mon},
     year = 2005,
    month = may,
   volume = 359,
    pages = {624-628},
      doi = {10.1111/j.1365-2966.2005.08936.x},
   adsurl = {http://adsabs.harvard.edu/abs/2005MNRAS.359..624R},
  adsnote = {Provided by the SAO/NASA Astrophysics Data System}
}

@ARTICLE{2005AN....326..657K,
   author = {{Kimeswenger}, S.},
    title = "{V4332 Sgr.}",
  journal = {Astronomische Nachrichten},
     year = 2005,
    month = aug,
   volume = 326,
    pages = {657-658},
   adsurl = {http://adsabs.harvard.edu/abs/2005AN....326..657K},
  adsnote = {Provided by the SAO/NASA Astrophysics Data System}
}

@ARTICLE{2002IAUC.8005....2M,
   author = {{Munari}, U. and {Desidera}, S. and {Henden}, A.},
    title = "{V838 Monocerotis}",
  journal = {\iaucirc},
     year = 2002,
    month = nov,
   volume = 8005,
   adsurl = {http://adsabs.harvard.edu/abs/2002IAUC.8005....2M},
  adsnote = {Provided by the SAO/NASA Astrophysics Data System}
}

@ARTICLE{2005A&A...441.1099T,
   author = {{Tylenda}, R. and {Soker}, N. and {Szczerba}, R.},
    title = "{On the progenitor of V838 Monocerotis}",
  journal = {\aap},
   eprint = {astro-ph/0412183},
 keywords = {stars: early-type, stars: binaries: close, stars: circumstellar matter, stars: individual: V838 Mon, ISM: reflection nebulae, ISM: structure},
     year = 2005,
    month = oct,
   volume = 441,
    pages = {1099-1109},
      doi = {10.1051/0004-6361:20042485},
   adsurl = {http://adsabs.harvard.edu/abs/2005A%26A...441.1099T},
  adsnote = {Provided by the SAO/NASA Astrophysics Data System}
}

@ARTICLE{2003Natur.422..405B,
   author = {{Bond}, H.~E. and {Henden}, A. and {Levay}, Z.~G. and {Panagia}, N. and 
	{Sparks}, W.~B. and {Starrfield}, S. and {Wagner}, R.~M. and 
	{Corradi}, R.~L.~M. and {Munari}, U.},
    title = "{An energetic stellar outburst accompanied by circumstellar light echoes}",
  journal = {\nat},
   eprint = {astro-ph/0303513},
     year = 2003,
    month = mar,
   volume = 422,
    pages = {405-408},
      doi = {10.1038/nature01508},
   adsurl = {http://adsabs.harvard.edu/abs/2003Natur.422..405B},
  adsnote = {Provided by the SAO/NASA Astrophysics Data System}
}

@ARTICLE{2003ApJ...598L..31B,
   author = {{Banerjee}, D.~P.~K. and {Varricatt}, W.~P. and {Ashok}, N.~M. and 
	{Launila}, O.},
    title = "{Remarkable Changes in the Near-Infrared Spectrum of the Nova-like Variable V4332 Sagittarii}",
  journal = {\apjl},
   eprint = {astro-ph/0310088},
 keywords = {Infrared: Stars, Stars: Novae, Cataclysmic Variables, Stars: Individual: Constellation Name: V4332 Sagittarii, Techniques: Spectroscopic},
     year = 2003,
    month = nov,
   volume = 598,
    pages = {L31-L34},
      doi = {10.1086/380389},
   adsurl = {http://adsabs.harvard.edu/abs/2003ApJ...598L..31B},
  adsnote = {Provided by the SAO/NASA Astrophysics Data System}
}

@ARTICLE{2004ApJ...615L..53B,
   author = {{Banerjee}, D.~P.~K. and {Varricatt}, W.~P. and {Ashok}, N.~M.
	},
    title = "{L and M Band Infrared Studies of V4332 Sagittarii: Detection of the Water Ice Absorption Band at 3.05 {$\mu$}m and the CO Fundamental Band in Emission}",
  journal = {\apjl},
   eprint = {astro-ph/0409393},
 keywords = {Infrared: Stars, Stars: Novae, Cataclysmic Variables, Stars: Individual: Constellation Name: V4332 Sagittarii, Techniques: Spectroscopic},
     year = 2004,
    month = nov,
   volume = 615,
    pages = {L53-L56},
      doi = {10.1086/425963},
   adsurl = {http://adsabs.harvard.edu/abs/2004ApJ...615L..53B},
  adsnote = {Provided by the SAO/NASA Astrophysics Data System}
}

@ARTICLE{1977A&AS...30..323D,
   author = {{Drechsel}, H. and {Rahe}, J. and {Duerbeck}, H.~W. and {Kohoutek}, L. and 
	{Seitter}, W.~C.},
    title = "{Spectrophotometry of nova Delphini 1967.}",
  journal = {\aaps},
     year = 1977,
    month = oct,
   volume = 30,
    pages = {323-334},
   adsurl = {http://adsabs.harvard.edu/abs/1977A%26AS...30..323D},
  adsnote = {Provided by the SAO/NASA Astrophysics Data System}
}

@ARTICLE{1978A&AS...31..337R,
   author = {{Rafanelli}, P. and {Rosino}, L.},
    title = "{The spectral evolution of nova HR Del /1967/ during its decline}",
  journal = {\aaps},
 keywords = {Absorption Spectra, Novae, Stellar Evolution, Stellar Spectra, Emission Spectra, Light Curve, Nebulae, Spectral Line Width, Stellar Magnitude},
     year = 1978,
    month = mar,
   volume = 31,
    pages = {337-352},
   adsurl = {http://adsabs.harvard.edu/abs/1978A%26AS...31..337R},
  adsnote = {Provided by the SAO/NASA Astrophysics Data System}
}

@ARTICLE{1992A&A...262..487F,
   author = {{Friedjung}, M.},
    title = "{The unusual nature of nova HR Delphini 1967}",
  journal = {\aap},
 keywords = {Cataclysmic Variables, Novae, Photosphere, Stellar Spectra, Stellar Models, Thermonuclear Reactions},
     year = 1992,
    month = sep,
   volume = 262,
    pages = {487-490},
   adsurl = {http://adsabs.harvard.edu/abs/1992A%26A...262..487F},
  adsnote = {Provided by the SAO/NASA Astrophysics Data System}
}

@ARTICLE{2005MNRAS.361..695L,
   author = {{Lawlor}, T.~M.},
    title = "{A new model for V838 Monocerotis: a born-again object including an episode of accretion}",
  journal = {\mnras},
 keywords = {stars: AGB and post-AGB, stars: evolution, stars: individual: V838 Mon, stars: variables: other},
     year = 2005,
    month = aug,
   volume = 361,
    pages = {695-700},
      doi = {10.1111/j.1365-2966.2005.09230.x},
   adsurl = {http://adsabs.harvard.edu/abs/2005MNRAS.361..695L},
  adsnote = {Provided by the SAO/NASA Astrophysics Data System}
}

@ARTICLE{1996ARA&A..34..207H,
   author = {{Hartmann}, L. and {Kenyon}, S.~J.},
    title = "{The FU Orionis Phenomenon}",
  journal = {\araa},
     year = 1996,
   volume = 34,
    pages = {207-240},
      doi = {10.1146/annurev.astro.34.1.207},
   adsurl = {http://adsabs.harvard.edu/abs/1996ARA%26A..34..207H},
  adsnote = {Provided by the SAO/NASA Astrophysics Data System}
}

@ARTICLE{1991ApJ...370L..35A,
   author = {{Artymowicz}, P. and {Clarke}, C.~J. and {Lubow}, S.~H. and 
	{Pringle}, J.~E.},
    title = "{The effect of an external disk on the orbital elements of a central binary}",
  journal = {\apjl},
 keywords = {Binary Stars, Stellar Evolution, Stellar Orbits, Accretion Disks, Eccentricity, Gravitational Effects, Stellar Mass, Stellar Models},
     year = 1991,
    month = mar,
   volume = 370,
    pages = {L35-L38},
      doi = {10.1086/185971},
   adsurl = {http://adsabs.harvard.edu/abs/1991ApJ...370L..35A},
  adsnote = {Provided by the SAO/NASA Astrophysics Data System}
}

@ARTICLE{2002MNRAS.330L..11A,
   author = {{Armitage}, P.~J. and {Bonnell}, I.~A.},
    title = "{The brown dwarf desert as a consequence of orbital migration}",
  journal = {\mnras},
   eprint = {astro-ph/0112001},
 keywords = {ACCRETION, ACCRETION DISCS, BINARIES: CLOSE, STARS: FORMATION, STARS: LOW-MASS, BROWN DWARFS, PLANETARY SYSTEMS: PROTOPLANETARY DISCS},
     year = 2002,
    month = feb,
   volume = 330,
    pages = {L11-L14},
      doi = {10.1046/j.1365-8711.2002.05213.x},
   adsurl = {http://adsabs.harvard.edu/abs/2002MNRAS.330L..11A},
  adsnote = {Provided by the SAO/NASA Astrophysics Data System}
}

@ARTICLE{2011A&A...528A.114T,
   author = {{Tylenda}, R. and {Hajduk}, M. and {Kami{\'n}ski}, T. and {Udalski}, A. and 
	{Soszy{\'n}ski}, I. and {Szyma{\'n}ski}, M.~K. and {Kubiak}, M. and 
	{Pietrzy{\'n}ski}, G. and {Poleski}, R. and {Wyrzykowski}, {\L}. and 
	{Ulaczyk}, K.},
    title = "{V1309 Scorpii: merger of a contact binary}",
  journal = {\aap},
archivePrefix = "arXiv",
   eprint = {1012.0163},
 primaryClass = "astro-ph.SR",
 keywords = {stars: individual: V1309 Sco, binaries: general, stars: peculiar},
     year = 2011,
    month = apr,
   volume = 528,
      eid = {A114},
    pages = {A114},
      doi = {10.1051/0004-6361/201016221},
   adsurl = {http://adsabs.harvard.edu/abs/2011A%26A...528A.114T},
  adsnote = {Provided by the SAO/NASA Astrophysics Data System}
}

@ARTICLE{2008NewA...13..569K,
   author = {{Kashi}, A. and {Soker}, N.},
    title = "{Accretion onto the companion of Eta Carinae during the spectroscopic event. V: The infrared decline}",
  journal = {\na},
archivePrefix = "arXiv",
   eprint = {0709.0090},
 keywords = {97.10.Fy, 97.10.Me, 97.30.Eh},
     year = 2008,
    month = nov,
   volume = 13,
    pages = {569-580},
      doi = {10.1016/j.newast.2008.03.003},
   adsurl = {http://adsabs.harvard.edu/abs/2008NewA...13..569K},
  adsnote = {Provided by the SAO/NASA Astrophysics Data System}
}

@ARTICLE{2018Galax...6...82K,
   author = {{Kashi}, A.},
    title = "{Simulations and Modeling of Intermediate Luminosity Optical Transients and Supernova Impostors}",
  journal = {Galaxies},
archivePrefix = "arXiv",
   eprint = {1807.11755},
 primaryClass = "astro-ph.SR",
     year = 2018,
    month = aug,
   volume = 6,
    pages = {82},
      doi = {10.3390/galaxies6030082},
   adsurl = {http://adsabs.harvard.edu/abs/2018Galax...6...82K},
  adsnote = {Provided by the SAO/NASA Astrophysics Data System}
}

@ARTICLE{2017MNRAS.467.3299K,
   author = {{Kashi}, A. and {Soker}, N.},
    title = "{Type II intermediate-luminosity optical transients (ILOTs)}",
  journal = {\mnras},
archivePrefix = "arXiv",
   eprint = {1611.05855},
 primaryClass = "astro-ph.SR",
 keywords = {stars: activity, stars: massive, stars: winds, outflows},
     year = 2017,
    month = may,
   volume = 467,
    pages = {3299-3305},
      doi = {10.1093/mnras/stx240},
   adsurl = {http://adsabs.harvard.edu/abs/2017MNRAS.467.3299K},
  adsnote = {Provided by the SAO/NASA Astrophysics Data System}
}

@ARTICLE{2017MNRAS.468.4968A,
   author = {{Adams}, S.~M. and {Kochanek}, C.~S. and {Gerke}, J.~R. and 
	{Stanek}, K.~Z. and {Dai}, X.},
    title = "{The search for failed supernovae with the Large Binocular Telescope: confirmation of a disappearing star}",
  journal = {\mnras},
archivePrefix = "arXiv",
   eprint = {1609.01283},
 primaryClass = "astro-ph.SR",
 keywords = {black hole physics, stars: massive, supernovae: individual: N6946-BH1},
     year = 2017,
    month = jul,
   volume = 468,
    pages = {4968-4981},
      doi = {10.1093/mnras/stx816},
   adsurl = {http://adsabs.harvard.edu/abs/2017MNRAS.468.4968A},
  adsnote = {Provided by the SAO/NASA Astrophysics Data System}
}

@MISC{2012ascl.soft02015D,
   author = {{Dullemond}, C.~P. and {Juhasz}, A. and {Pohl}, A. and {Sereshti}, F. and 
	{Shetty}, R. and {Peters}, T. and {Commercon}, B. and {Flock}, M.
	},
    title = "{RADMC-3D: A multi-purpose radiative transfer tool}",
 keywords = {Software },
howpublished = {Astrophysics Source Code Library},
     year = 2012,
    month = feb,
archivePrefix = "ascl",
   eprint = {1202.015},
   adsurl = {http://adsabs.harvard.edu/abs/2012ascl.soft02015D},
  adsnote = {Provided by the SAO/NASA Astrophysics Data System}
}

@ARTICLE{2010ApJ...719..831P,
   author = {{Peters}, T. and {Mac Low}, M.-M. and {Banerjee}, R. and {Klessen}, R.~S. and 
	{Dullemond}, C.~P.},
    title = "{Understanding Spatial and Spectral Morphologies of Ultracompact H II Regions}",
  journal = {\apj},
archivePrefix = "arXiv",
   eprint = {1003.4998},
 primaryClass = "astro-ph.GA",
 keywords = {H II regions, radiative transfer, stars: formation, stars: massive},
     year = 2010,
    month = aug,
   volume = 719,
    pages = {831-843},
      doi = {10.1088/0004-637X/719/1/831},
   adsurl = {http://adsabs.harvard.edu/abs/2010ApJ...719..831P},
  adsnote = {Provided by the SAO/NASA Astrophysics Data System}
}

@ARTICLE{1987AJ.....94..671B,
   author = {{Balick}, B.},
    title = "{The evolution of planetary nebulae. I - Structures, ionizations, and morphological sequences}",
  journal = {\aj},
 keywords = {Planetary Nebulae, Stellar Evolution, Astronomical Maps, Ionization, Morphology, Photographic Plates, Stellar Winds},
     year = 1987,
    month = sep,
   volume = 94,
    pages = {671-678},
      doi = {10.1086/114504},
   adsurl = {http://adsabs.harvard.edu/abs/1987AJ.....94..671B},
  adsnote = {Provided by the SAO/NASA Astrophysics Data System}
}

@ARTICLE{1995A&A...293..871C,
   author = {{Corradi}, R.~L.~M. and {Schwarz}, H.~E.},
    title = "{Morphological populations of planetary nebulae: which progenitors? I. Comparative properties of bipolar nebulae.}",
  journal = {\aap},
 keywords = {PLANETARY NEBULAE: GENERAL},
     year = 1995,
    month = jan,
   volume = 293,
    pages = {871-888},
   adsurl = {http://adsabs.harvard.edu/abs/1995A%26A...293..871C},
  adsnote = {Provided by the SAO/NASA Astrophysics Data System}
}

@BOOK{1996iacm.book.....M,
   author = {{Manchado}, A. and {Guerrero}, M.~A. and {Stanghellini}, L. and 
	{Serra-Ricart}, M.},
    title = "{The IAC morphological catalog of northern Galactic planetary nebulae}",
 keywords = {PLANETARY NEBULAE, MORPHOLOGY, CATALOGS},
booktitle = {The IAC morphological catalog of northern Galactic planetary nebulae, Publisher: La Laguna, Spain: Instituto de Astrofisica de Canarias (IAC), 1996, Foreword by Stuart R.~Pottasch, ISBN: 8492180609},
     year = 1996,
   adsurl = {http://adsabs.harvard.edu/abs/1996iacm.book.....M},
  adsnote = {Provided by the SAO/NASA Astrophysics Data System}
}

@INPROCEEDINGS{2016JPhCS.728c2008P,
   author = {{Parker}, Q.~A. and {Boji{\v c}i{\'c}}, I.~S. and {Frew}, D.~J.
	},
    title = "{HASH: the Hong Kong/AAO/Strasbourg H{$\alpha$} planetary nebula database}",
booktitle = {Journal of Physics Conference Series},
     year = 2016,
   series = {Journal of Physics Conference Series},
   volume = 728,
archivePrefix = "arXiv",
   eprint = {1603.07042},
 primaryClass = "astro-ph.SR",
    month = jul,
      eid = {032008},
    pages = {032008},
      doi = {10.1088/1742-6596/728/3/032008},
   adsurl = {http://adsabs.harvard.edu/abs/2016JPhCS.728c2008P},
  adsnote = {Provided by the SAO/NASA Astrophysics Data System}
}

@INPROCEEDINGS{2011apn5.confP..21S,
   author = {{Sahai}, R. and {Villar}, III, G.~G. and {Morris}, M.},
    title = "{Young planetary nebulae: Hubble Space Telescope imaging and new morphological classifications system}",
 keywords = {planetary nebulae: general},
booktitle = {Asymmetric Planetary Nebulae 5 Conference},
     year = 2011,
   adsurl = {http://adsabs.harvard.edu/abs/2011apn5.confP..21S},
  adsnote = {Provided by the SAO/NASA Astrophysics Data System}
}

@ARTICLE{2011MNRAS.416.1965B,
   author = {{Bear}, E. and {Kashi}, A. and {Soker}, N.},
    title = "{Mergerburst transients of brown dwarfs with exoplanets}",
  journal = {\mnras},
archivePrefix = "arXiv",
   eprint = {1104.4106},
 primaryClass = "astro-ph.SR",
 keywords = {accretion, accretion discs, planet-star interactions, brown dwarfs, stars: flare},
     year = 2011,
    month = sep,
   volume = 416,
    pages = {1965-1970},
      doi = {10.1111/j.1365-2966.2011.19171.x},
   adsurl = {http://adsabs.harvard.edu/abs/2011MNRAS.416.1965B},
  adsnote = {Provided by the SAO/NASA Astrophysics Data System}
}

@ARTICLE{2012ApJ...746..100S,
   author = {{Soker}, N. and {Kashi}, A.},
    title = "{Formation of Bipolar Planetary Nebulae by Intermediate-luminosity Optical Transients}",
  journal = {\apj},
archivePrefix = "arXiv",
   eprint = {1108.2257},
 primaryClass = "astro-ph.SR",
 keywords = {planetary nebulae: general},
     year = 2012,
    month = feb,
   volume = 746,
      eid = {100},
    pages = {100},
      doi = {10.1088/0004-637X/746/1/100},
   adsurl = {http://adsabs.harvard.edu/abs/2012ApJ...746..100S},
  adsnote = {Provided by the SAO/NASA Astrophysics Data System}
}

@ARTICLE{2013MNRAS.436.1961A,
   author = {{Akashi}, M. and {Soker}, N.},
    title = "{Impulsive ejection of gas in bipolar planetary nebulae}",
  journal = {\mnras},
archivePrefix = "arXiv",
   eprint = {1305.6264},
 primaryClass = "astro-ph.SR",
 keywords = {stars: winds, outflows, planetary nebulae: general},
     year = 2013,
    month = dec,
   volume = 436,
    pages = {1961-1967},
      doi = {10.1093/mnras/stt1704},
   adsurl = {http://adsabs.harvard.edu/abs/2013MNRAS.436.1961A},
  adsnote = {Provided by the SAO/NASA Astrophysics Data System}
}

@ARTICLE{2014prpl.conf..387A,
   author = {{Audard}, M. and {{\'A}brah{\'a}m}, P. and {Dunham}, M.~M. and 
	{Green}, J.~D. and {Grosso}, N. and {Hamaguchi}, K. and {Kastner}, J.~H. and 
	{K{\'o}sp{\'a}l}, {\'A}. and {Lodato}, G. and {Romanova}, M.~M. and 
	{Skinner}, S.~L. and {Vorobyov}, E.~I. and {Zhu}, Z.},
    title = "{Episodic Accretion in Young Stars}",
  journal = {Protostars and Planets VI},
archivePrefix = "arXiv",
   eprint = {1401.3368},
 primaryClass = "astro-ph.SR",
     year = 2014,
    pages = {387-410},
      doi = {10.2458/azu\_uapress\_9780816531240-ch017},
   adsurl = {http://adsabs.harvard.edu/abs/2014prpl.conf..387A},
  adsnote = {Provided by the SAO/NASA Astrophysics Data System}
}

@ARTICLE{2016ApJ...831..133H,
   author = {{Herczeg}, G.~J. and {Dong}, S. and {Shappee}, B.~J. and {Chen}, P. and 
	{Hillenbrand}, L.~A. and {Jose}, J. and {Kochanek}, C.~S. and 
	{Prieto}, J.~L. and {Stanek}, K.~Z. and {Kaplan}, K. and {Holoien}, T.~W.-S. and 
	{Mairs}, S. and {Johnstone}, D. and {Gully-Santiago}, M. and 
	{Zhu}, Z. and {Smith}, M.~C. and {Bersier}, D. and {Mulders}, G.~D. and 
	{Filippenko}, A.~V. and {Ayani}, K. and {Brimacombe}, J. and 
	{Brown}, J.~S. and {Connelley}, M. and {Harmanen}, J. and {Itoh}, R. and 
	{Kawabata}, K.~S. and {Maehara}, H. and {Takata}, K. and {Yuk}, H. and 
	{Zheng}, W.},
    title = "{The Eruption of the Candidate Young Star ASASSN-15QI}",
  journal = {\apj},
archivePrefix = "arXiv",
   eprint = {1607.06368},
 primaryClass = "astro-ph.SR",
 keywords = {stars: formation, stars: pre-main sequence, stars: variables: general, stars: winds, outflows},
     year = 2016,
    month = nov,
   volume = 831,
      eid = {133},
    pages = {133},
      doi = {10.3847/0004-637X/831/2/133},
   adsurl = {http://adsabs.harvard.edu/abs/2016ApJ...831..133H},
  adsnote = {Provided by the SAO/NASA Astrophysics Data System}
}

@INPROCEEDINGS{1989ESOC...33..233H,
   author = {{Herbig}, G.~H.},
    title = "{FU Orionis eruptions.}",
 keywords = {FU Orionis Stars: Outbursts, FU Orionis Stars: Mass Loss, FU Orionis Stars: Accretion Disks, FU Orionis Stars: Circumstellar Matter, FU Orionis Stars: Line Profiles},
booktitle = {European Southern Observatory Conference and Workshop Proceedings},
     year = 1989,
   series = {European Southern Observatory Conference and Workshop Proceedings},
   volume = 33,
   editor = {{Reipurth}, B.},
    month = sep,
    pages = {233-246},
   adsurl = {http://adsabs.harvard.edu/abs/1989ESOC...33..233H},
  adsnote = {Provided by the SAO/NASA Astrophysics Data System}
}

@ARTICLE{1966VA......8..109H,
   author = {{Herbig}, G.~H.},
    title = "{On the interpretation of FU orionis}",
  journal = {Vistas in Astronomy},
     year = 1966,
   volume = 8,
    pages = {109-125},
      doi = {10.1016/0083-6656(66)90025-0},
   adsurl = {http://adsabs.harvard.edu/abs/1966VA......8..109H},
  adsnote = {Provided by the SAO/NASA Astrophysics Data System}
}

@ARTICLE{1977ApJ...217..693H,
   author = {{Herbig}, G.~H.},
    title = "{Eruptive phenomena in early stellar evolution}",
  journal = {\apj},
 keywords = {Early Stars, Nebulae, Stellar Evolution, Stellar Spectra, Variable Stars, Emission Spectra, Infrared Spectra, Line Spectra, Main Sequence Stars, Metallic Stars, Radial Velocity, Spectrograms, Stellar Atmospheres, Stellar Mass Ejection, Stellar Rotation, Stellar Spectrophotometry, Supergiant Stars, T Tauri Stars},
     year = 1977,
    month = nov,
   volume = 217,
    pages = {693-715},
      doi = {10.1086/155615},
   adsurl = {http://adsabs.harvard.edu/abs/1977ApJ...217..693H},
  adsnote = {Provided by the SAO/NASA Astrophysics Data System}
}

@ARTICLE{2017MNRAS.468.4938K,
   author = {{Kashi}, A. and {Soker}, N.},
    title = "{An intermediate luminosity optical transient (ILOTs) model for the young stellar object ASASSN-15qi}",
  journal = {\mnras},
archivePrefix = "arXiv",
   eprint = {1609.00931},
 primaryClass = "astro-ph.SR",
 keywords = {accretion, accretion discs, planet-star interactions, stars: flare, stars: pre-main-sequence},
     year = 2017,
    month = jul,
   volume = 468,
    pages = {4938-4943},
      doi = {10.1093/mnras/stx767},
   adsurl = {http://adsabs.harvard.edu/abs/2017MNRAS.468.4938K},
  adsnote = {Provided by the SAO/NASA Astrophysics Data System}
}

@ARTICLE{2007AJ....133.2679H,
   author = {{Herbig}, G.~H.},
    title = "{EX Lupi: History and Spectroscopy}",
  journal = {\aj},
 keywords = {stars: activity, stars: evolution, stars: individual: EX Lupi, stars: pre-main sequence},
     year = 2007,
    month = jun,
   volume = 133,
    pages = {2679-2683},
      doi = {10.1086/517494},
   adsurl = {http://adsabs.harvard.edu/abs/2007AJ....133.2679H},
  adsnote = {Provided by the SAO/NASA Astrophysics Data System}
}

@ARTICLE{2017A&A...607A.127S,
   author = {{Sicilia-Aguilar}, A. and {Oprandi}, A. and {Froebrich}, D. and 
	{Fang}, M. and {Prieto}, J.~L. and {Stanek}, K. and {Scholz}, A. and 
	{Kochanek}, C.~S. and {Henning}, T. and {Gredel}, R. and {Holoien}, T.~W.-S. and 
	{Rabus}, M. and {Shappee}, B.~J. and {Billington}, S.~J. and 
	{Campbell-White}, J. and {Zegmott}, T.~J.},
    title = "{The 2014-2017 outburst of the young star ASASSN-13db. A time-resolved picture of a very-low-mass star between EXors and FUors}",
  journal = {\aap},
archivePrefix = "arXiv",
   eprint = {1708.02010},
 primaryClass = "astro-ph.SR",
 keywords = {stars: pre-main sequence, stars: variables: T Tauri, Herbig Ae/Be, stars: individual: ASASSN-13db, stars: low-mass, protoplanetary disks, techniques: spectroscopic},
     year = 2017,
    month = nov,
   volume = 607,
      eid = {A127},
    pages = {A127},
      doi = {10.1051/0004-6361/201731263},
   adsurl = {http://adsabs.harvard.edu/abs/2017A%26A...607A.127S},
  adsnote = {Provided by the SAO/NASA Astrophysics Data System}
}

@ARTICLE{1995ApJ...452..704D,
   author = {{della Valle}, M. and {Livio}, M.},
    title = "{The Calibration of Novae as Distance Indicators}",
  journal = {\apj},
 keywords = {STARS: NOVAE, CATACLYSMIC VARIABLES, STARS: DISTANCES},
     year = 1995,
    month = oct,
   volume = 452,
    pages = {704},
      doi = {10.1086/176342},
   adsurl = {http://adsabs.harvard.edu/abs/1995ApJ...452..704D},
  adsnote = {Provided by the SAO/NASA Astrophysics Data System}
}

@ARTICLE{1995ApJ...445..789P,
   author = {{Prialnik}, D. and {Kovetz}, A.},
    title = "{An extended grid of multicycle nova evolution models}",
  journal = {\apj},
 keywords = {Independent Variables, Mass Transfer, Novae, Stellar Evolution, Stellar Mass, Stellar Models, Stellar Temperature, Abundance, Radiation Pressure, Stellar Interiors, Stellar Mass Accretion, Stellar Mass Ejection, White Dwarf Stars},
     year = 1995,
    month = jun,
   volume = 445,
    pages = {789-810},
      doi = {10.1086/175741},
   adsurl = {http://adsabs.harvard.edu/abs/1995ApJ...445..789P},
  adsnote = {Provided by the SAO/NASA Astrophysics Data System}
}

@ARTICLE{2005ApJ...623..398Y,
   author = {{Yaron}, O. and {Prialnik}, D. and {Shara}, M.~M. and {Kovetz}, A.
	},
    title = "{An Extended Grid of Nova Models. II. The Parameter Space of Nova Outbursts}",
  journal = {\apj},
   eprint = {astro-ph/0503143},
 keywords = {Accretion, Accretion Disks, Stars: Binaries: Close, Stars: Novae, Cataclysmic Variables, Stars: White Dwarfs},
     year = 2005,
    month = apr,
   volume = 623,
    pages = {398-410},
      doi = {10.1086/428435},
   adsurl = {http://adsabs.harvard.edu/abs/2005ApJ...623..398Y},
  adsnote = {Provided by the SAO/NASA Astrophysics Data System}
}

@ARTICLE{2010ApJ...725..831S,
   author = {{Shara}, M.~M. and {Yaron}, O. and {Prialnik}, D. and {Kovetz}, A. and 
	{Zurek}, D.},
    title = "{An Extended Grid of Nova Models. III. Very Luminous, Red Novae}",
  journal = {\apj},
archivePrefix = "arXiv",
   eprint = {1009.3864},
 primaryClass = "astro-ph.SR",
 keywords = {accretion, accretion disks, binaries: close, novae, cataclysmic variables, white dwarfs},
     year = 2010,
    month = dec,
   volume = 725,
    pages = {831-841},
      doi = {10.1088/0004-637X/725/1/831},
   adsurl = {http://adsabs.harvard.edu/abs/2010ApJ...725..831S},
  adsnote = {Provided by the SAO/NASA Astrophysics Data System}
}

@ARTICLE{2014ApJ...786...39N,
   author = {{Nandez}, J.~L.~A. and {Ivanova}, N. and {Lombardi}, Jr., J.~C.
	},
    title = "{V1309 Sco{\mdash}Understanding a Merger}",
  journal = {\apj},
archivePrefix = "arXiv",
   eprint = {1311.6522},
 primaryClass = "astro-ph.SR",
 keywords = {binaries: close, hydrodynamics, stars: individual: V1309 Sco, stars: kinematics and dynamics, stars: rotation},
     year = 2014,
    month = may,
   volume = 786,
      eid = {39},
    pages = {39},
      doi = {10.1088/0004-637X/786/1/39},
   adsurl = {http://adsabs.harvard.edu/abs/2014ApJ...786...39N},
  adsnote = {Provided by the SAO/NASA Astrophysics Data System}
}

@ARTICLE{2016MNRAS.458..950S,
   author = {{Smith}, N. and {Andrews}, J.~E. and {Van Dyk}, S.~D. and {Mauerhan}, J.~C. and 
	{Kasliwal}, M.~M. and {Bond}, H.~E. and {Filippenko}, A.~V. and 
	{Clubb}, K.~I. and {Graham}, M.~L. and {Perley}, D.~A. and {Jencson}, J. and 
	{Bally}, J. and {Ubeda}, L. and {Sabbi}, E.},
    title = "{Massive star mergers and the recent transient in NGC 4490: a more massive cousin of V838 Mon and V1309 Sco}",
  journal = {\mnras},
archivePrefix = "arXiv",
   eprint = {1602.05203},
 primaryClass = "astro-ph.SR",
 keywords = {binaries: general, circumstellar matter, stars: evolution, stars: massive, stars: winds, outflows},
     year = 2016,
    month = may,
   volume = 458,
    pages = {950-962},
      doi = {10.1093/mnras/stw219},
   adsurl = {http://adsabs.harvard.edu/abs/2016MNRAS.458..950S},
  adsnote = {Provided by the SAO/NASA Astrophysics Data System}
}

@ARTICLE{2016MNRAS.463.2904S,
   author = {{Smith}, N. and {Andrews}, J.~E. and {Mauerhan}, J.~C.},
    title = "{Massive stars dying alone: the extremely remote environment of SN 2009ip}",
  journal = {\mnras},
archivePrefix = "arXiv",
   eprint = {1607.01056},
 primaryClass = "astro-ph.SR",
 keywords = {circumstellar matter, stars: evolution, supernovae: general, supernovae: individual: 2009ip, stars: winds, outflows},
     year = 2016,
    month = dec,
   volume = 463,
    pages = {2904-2911},
      doi = {10.1093/mnras/stw2190},
   adsurl = {http://adsabs.harvard.edu/abs/2016MNRAS.463.2904S},
  adsnote = {Provided by the SAO/NASA Astrophysics Data System}
}

@ARTICLE{2016MNRAS.455.3546S,
   author = {{Smith}, N. and {Andrews}, J.~E. and {Mauerhan}, J.~C. and {Zheng}, W. and 
	{Filippenko}, A.~V. and {Graham}, M.~L. and {Milne}, P.},
    title = "{The Persistent Eruption of UGC 2773-OT: finally, a decade-long extragalactic Eta Carinae analogue}",
  journal = {\mnras},
archivePrefix = "arXiv",
   eprint = {1510.08050},
 primaryClass = "astro-ph.SR",
 keywords = {circumstellar matter, stars: evolution, stars: winds, outflows},
     year = 2016,
    month = feb,
   volume = 455,
    pages = {3546-3560},
      doi = {10.1093/mnras/stv2507},
   adsurl = {http://adsabs.harvard.edu/abs/2016MNRAS.455.3546S},
  adsnote = {Provided by the SAO/NASA Astrophysics Data System}
}

@ARTICLE{2000ApJS..131..273F,
       author = {{Fryxell}, B. and {Olson}, K. and {Ricker}, P. and {Timmes}, F.~X. and
        {Zingale}, M. and {Lamb}, D.~Q. and {MacNeice}, P. and {Rosner},
        R. and {Truran}, J.~W. and {Tufo}, H.},
        title = "{FLASH: An Adaptive Mesh Hydrodynamics Code for Modeling Astrophysical
        Thermonuclear Flashes}",
      journal = {The Astrophysical Journal Supplement Series},
     keywords = {Equation of State, Hydrodynamics, Methods: Numerical, Nuclear Reactions,
        Nucleosynthesis, Abundances, Stars: General},
         year = 2000,
        month = Nov,
       volume = {131},
        pages = {273-334},
          doi = {10.1086/317361},
       adsurl = {https://ui.adsabs.harvard.edu/#abs/2000ApJS..131..273F},
      adsnote = {Provided by the SAO/NASA Astrophysics Data System}
}

@ARTICLE{2011ApJS..192....9T,
   author = {{Turk}, M.~J. and {Smith}, B.~D. and {Oishi}, J.~S. and {Skory}, S. and 
	{Skillman}, S.~W. and {Abel}, T. and {Norman}, M.~L.},
    title = "{yt: A Multi-code Analysis Toolkit for Astrophysical Simulation Data}",
  journal = {\apjs},
archivePrefix = "arXiv",
   eprint = {1011.3514},
 primaryClass = "astro-ph.IM",
 keywords = {cosmology: theory, methods: data analysis, methods: numerical},
     year = 2011,
    month = jan,
   volume = 192,
      eid = {9},
    pages = {9},
      doi = {10.1088/0067-0049/192/1/9},
   adsurl = {http://adsabs.harvard.edu/abs/2011ApJS..192....9T},
  adsnote = {Provided by the SAO/NASA Astrophysics Data System}
}

@BOOK{2002apa..book.....F,
   author = {{Frank}, J. and {King}, A. and {Raine}, D.~J.},
    title = "{Accretion Power in Astrophysics: Third Edition}",
booktitle = {Accretion Power in Astrophysics, by Juhan Frank and Andrew King and Derek Raine, pp.~398.~ISBN 0521620538.~Cambridge, UK: Cambridge University Press, February 2002.},
     year = 2002,
    month = jan,
    pages = {398},
   adsurl = {http://adsabs.harvard.edu/abs/2002apa..book.....F},
  adsnote = {Provided by the SAO/NASA Astrophysics Data System}
}

@ARTICLE{1964ApJ...139.1217T,
   author = {{Toomre}, A.},
    title = "{On the gravitational stability of a disk of stars}",
  journal = {\apj},
     year = 1964,
    month = may,
   volume = 139,
    pages = {1217-1238},
      doi = {10.1086/147861},
   adsurl = {http://adsabs.harvard.edu/abs/1964ApJ...139.1217T},
  adsnote = {Provided by the SAO/NASA Astrophysics Data System}
}

@ARTICLE{2018arXiv180502529K,
   author = {{Kashi}, A.},
    title = "{Simulating the Response of the Secondary Star of Eta Carinae to Mass Accretion at Periastron Passage}",
  journal = {ArXiv e-prints},
archivePrefix = "arXiv",
   eprint = {1805.02529},
 primaryClass = "astro-ph.SR",
 keywords = {Astrophysics - Solar and Stellar Astrophysics},
     year = 2018,
    month = may,
   adsurl = {http://adsabs.harvard.edu/abs/2018arXiv180502529K},
  adsnote = {Provided by the SAO/NASA Astrophysics Data System}
}

@ARTICLE{1988MNRAS.232....1F,
   author = {{Frank}, J. and {Robertson}, J.~A.},
    title = "{Numerical studies of the dynamical stability of differentially rotating tori}",
  journal = {\mnras},
 keywords = {Accretion Disks, Active Galactic Nuclei, Dynamic Stability, Numerical Integration, Quasars, Toruses, Angular Momentum, Astronomical Models, Difference Equations, Entropy, Finite Difference Theory, Linear Equations, Perturbation Theory, Toroidal Plasmas},
     year = 1988,
    month = may,
   volume = 232,
    pages = {1-33},
      doi = {10.1093/mnras/232.1.1},
   adsurl = {http://adsabs.harvard.edu/abs/1988MNRAS.232....1F},
  adsnote = {Provided by the SAO/NASA Astrophysics Data System}
}

@ARTICLE{1984JCoPh..54..174C,
   author = {{Colella}, P. and {Woodward}, P.~R.},
    title = "{The Piecewise Parabolic Method (PPM) for Gas-Dynamical Simulations}",
  journal = {Journal of Computational Physics},
     year = 1984,
    month = sep,
   volume = 54,
    pages = {174-201},
      doi = {10.1016/0021-9991(84)90143-8},
   adsurl = {http://adsabs.harvard.edu/abs/1984JCoPh..54..174C},
  adsnote = {Provided by the SAO/NASA Astrophysics Data System}
}

@book{currie2002fundamental,
  title={Fundamental Mechanics of Fluids, Third Edition},
  author={Currie, I.G. and Currie, I.G.},
  isbn={9780203910542},
  lccn={2002041221},
  series={Dekker Mechanical Engineering},
  url={https://books.google.co.il/books?id=3cqfjZ5\_6xYC},
  year={2002},
  publisher={Taylor \& Francis}
}

@ARTICLE{2018NewA...65...29M,
   author = {{Michaelis}, A.~M. and {Kashi}, A. and {Kochiashvili}, N.},
    title = "{Periodicity in the light curve of P Cygni-Indication for a binary companion?}",
  journal = {\na},
archivePrefix = "arXiv",
   eprint = {1806.00769},
 primaryClass = "astro-ph.SR",
 keywords = {(Stars:) binaries, General-stars, Massive-stars, Individual (P Cyg)},
     year = 2018,
    month = nov,
   volume = 65,
    pages = {29-34},
      doi = {10.1016/j.newast.2018.06.001},
   adsurl = {http://adsabs.harvard.edu/abs/2018NewA...65...29M},
  adsnote = {Provided by the SAO/NASA Astrophysics Data System}
}
